2526 4394
103 273 162 357 sps
230 270 344 337 XXV.
368 272 408 335 Τ.
426 270 617 359 Pomponius
636 266 770 335 Atticus.
811 273 890 354 Cap.
908 268 1023 335 XXI.
1081 367 1085 372 .
1142 370 1146 375 .

164 422 419 505 plesset‚.atque
439 421 481 483 ad
502 436 682 484 extremam
704 435 905 485 senectutem
926 441 1006 482 non
1033 421 1151 486 minus

48 526 76 611 κ’
104 543 108 547 ·
165 525 340 609 dignitate,
363 546 464 605 quam
478 525 578 609 gratia
596 523 795 605 fortunaque
812 525 986 586 crevisset:
1008 527 1153 602 (multas

166 629 259 692 enim
274 628 469 691 hereditates
482 631 577 691 nulla
590 630 654 691 alia
667 649 701 691 re
719 649 821 708 quam
839 626 993 690 bonitate
1012 645 1067 692 est
1082 652 1154 693 con·

165 733 311 809 secutus)
334 747 490 814 tantaque
507 732 715 815 prosperitate
732 751 812 793 usus
830 747 911 794 esset
926 735 1150 814 valetudinis,

166 851 205 898 ut
225 857 330 898 annos
354 819 485 920 triginta
508 838 675 899 medicina
699 858 770 898 non
789 836 1015 927 ‘indiguissem
1040 852 1146 900 nactus

110 950 114 957 '
166 954 214 1004 ert
233 943 404 1016 morbum,
427 960 527 1021 quem
549 939 647 1002 initio
667 956 699 1002 et
716 942 785 1022 ipse
806 954 839 1002 et
857 941 985 1002 medici
1006 955 1147 1004 contem·

166 1059 313 1128 pserunt.
342 1045 430 1105 Nam
447 1058 606 1126 putarunt
624 1062 691 1106 esse
710 1059 898 1106 tenesmon:
922 1045 982 1106 cui
1004 1046 1153 1120 remedia

110 1168 140 1216 2.
168 1149 286 1235 celeria
303 1148 479 1228 faciliaque
500 1152 777 1230 proponebantur.
808 1149 853 1208 In
870 1148 937 1215 hoc
956 1146 1076 1230 quum
1096 1164 1153 1212 tres

167 1273 298 1316 menses
327 1253 399 1315 sine
426 1253 506 1313 ullis
536 1250 722 1320 doloribus,
750 1266 969 1333 preterquam
998 1273 1092 1333 quos
1115 1274 1154 1316 ex

167 1358 338 1419 curatione
364 1356 530 1437 capiebat,
552 1357 825 1437 consumpsisset:
844 1355 959 1418 subito
984 1370 1084 1420 tanta
1106 1358 1152 1420 vis

168 1462 277 1523 morbi
305 1460 341 1522 in
371 1482 480 1521 unum
506 1460 702 1524 intestinum
731 1461 897 1542 prorupit,
930 1475 971 1522 ut
1002 1475 1150 1524 extremo

110 1566 139 1626 3.
169 1579 314 1645 tempore
333 1584 389 1645 per
408 1566 540 1625 lumbos
560 1566 669 1627 fistula
691 1565 795 1646 putris
815 1564 974 1645 eruperit.
1019 1569 1149 1647 [Atque

169 1667 233 1728 hoc
257 1667 449 1749 priusquam
471 1668 506 1751 ei
524 1669 718 1746 accideret.]
739 1683 913 1751 postquam
940 1667 980 1728 in
1004 1670 1074 1730 dies
1095 1671 1148 1728 do

71 1754 77 1769 ⁸
169 1772 255 1832 lores
274 1791 468 1848 accrescere,
488 1772 682 1853 febremque
703 1771 867 1834 accessisse
886 1773 1016 1846 sensim
1032 1772 1148 1854 Agrip
1164 1762 1169 1785 ²

167 1896 244 1958 pam
264 1894 422 1960 generum
440 1869 481 1938 ad
497 1895 532 1938 se
549 1877 662 1938 arcessi
673 1876 780 1958 jussit,
798 1889 831 1938 et
850 1896 929 1936 cum
949 1896 994 1937 eo
1016 1877 1057 1949 L.
1076 1877 1148 1938 Cor·

111 1995 141 2059 4.
170 1978 300 2042 aelium
315 1981 469 2054 Balbum,
490 1981 694 2061 Sextumque
707 1982 920 2043 Peducaeum.
951 1980 1035 2042 Hos
1049 1996 1088 2044 ut
1102 2002 1151 2044 ve

174 2084 261 2147 nisse
276 2084 389 2160 uidit,
410 2085 448 2146 in
469 2083 619 2147 cubitum
633 2085 797 2147 innixus:
829 2099 1000 2164 quantam,
1024 2085 1152 2167 inquit,

174 2209 280 2250 euram
312 2191 557 2268 diligentiamque
590 2191 620 2249 iu
649 2190 817 2251 valetudiue
846 2209 914 2248 mea
945 2193 1066 2250 tuenda
1100 2193 1153 2252 hoc

175 2307 304 2372 tempore
330 2293 535 2362 adhibuerim,
564 2312 659 2373 quum
695 2315 745 2358 uos
775 2309 858 2356 testes
888 2294 1046 2370 liabearu,
1081 2296 1155 2357 nibil

152 2452 231 2506 XXI.
252 2472 275 2505 1.
303 2452 500 2523 fortunaque]
535 2451 598 2523 Vgl.
616 2454 711 2508 Alcib.
731 2454 784 2520 lx,
807 2474 833 2506 r.

108 2599 112 2604 .
142 2574 145 2578 Δ
200 2553 305 2597 tractus
324 2555 366 2598 est
383 2548 529 2616 morbum]
566 2549 607 2600 Er
625 2547 723 2599 bellam
741 2554 803 2597 siue
820 2547 997 2602 urant-beu.
1034 2549 1158 2604 Ernesti

114 2615 164 2669 hat
181 2615 226 2668 dle
244 2618 355 2669 Phrssie
377 2616 494 2688 febrem
519 2623 649 2671 nancisci
672 2618 724 2688 hey
747 2619 979 2670 SuetoniusTt't.
1003 2638 1048 2671 ro.
1069 2639 1158 2691 ange·

114 2676 258 2749 nuntiem,
275 2685 332 2737 und
347 2686 417 2738 Herr
434 2688 533 2755 Wolf
544 2687 694 2756 vcrgleiclu
713 2691 752 2739 sic
769 2693 820 2739 mit
838 2687 899 2738 dem
913 2689 1087 2744 Deutsohen
1106 2693 1157 2742 dac

116 2757 215 2810 bichor
231 2759 389 2822 irreges.
419 2759 456 2808 Es
475 2756 548 2809 steht
566 2776 621 2809 von
638 2763 715 2811 einer
730 2756 900 2823 Krsukheit‚
918 2755 969 2808 die'
984 2776 1042 2811 uus
1063 2763 1158 2833 plom-

113 2824 170 2878 lieh
187 2823 245 2877 und
262 2825 457 2878 uuvermuthct
474 2826 615 2879 uberfaillt.

150 2939 176 2973 2.
199 2928 391 2987 preterquam
415 2938 483 2987 quos
509 2939 545 2971 ea
570 2925 718 2973 curatione
737 2921 887 2988 capiebat]
936 2918 1158 2976 DervGedan-lse

116 2994 152 3041 ist
179 2989 286 3042 dieser:
318 2992 426 3042 Atticus
454 2989 585 3060 empfancl
611 3009 666 3042 von
693 2992 742 3042 cler
769 2993 1046 3059 Krankheitpselbst
1075 2997 1158 3046 keiue

113 3061 299 3120 Schrrrerren,
327 3077 381 3112 nur
405 3065 493 3126 einige
516 3060 986 3126 Unannehuilicbkeiteu,·welcbc
1014 3081 1076 3116 von
1105 3064 1158 3116 deu

112 3129 525 3198 bruneymitteln*herrbhrtsn.

195 3221 326 3294 fistula]
365 3226 420 3277 Ein
442 3221 609 3292 Gesrltubr,
633 3223 750 3278 welches
777 3229 806 3277 in
826 3223 934 3277 Gestalt
959 3228 1042 3293 einer
1061 3228 1158 3282 Rahn

112 3295 214 3347 bernus
231 3290 345 3344 wiclant.
399 3361 402 3369 s

129 3399 180 3460 ¹5.
205 3400 319 3463 {Atque
337 3396 388 3447 lroc
405 3402 571 3465 priusquam
591 3401 617 3447 si
636 3396 805 3463 occiderem]
836 3395 883 3446 leh
899 3394 970 3445 habe
986 3397 1158 3452 aueh⁴dieee

115 3467 219 3520 Worte
238 3472 266 3517 in
286 3468 382 3518 llalrcn
401 3468 632 3535 singescblossen.
668 3468 749 3518 Denu
769 3484 808 3518 sie
828 3467 957 3517 solroinen
976 3470 1034 3516 rnir
1056 3487 1091 3520 so
1111 3483 1159 3538 gne

114 3537 231 3599 ransclrr,
249 3536 290 3589 als
310 3540 399 3604 eiuige
417 3539 534 3600 andere,
558 3535 660 3589 welche
678 3536 723 3588 die
742 3537 875 3600 Aualeger
892 3539 1074 3605 einstimrnig
1094 3558 1159 3591 ven-

98 3603 232 3669 ,werlcm
251 3605 308 3656 und
327 3607 371 3657 die
391 3605 448 3657 siclt
468 3608 539 3659 auch
556 3624 611 3656 nur
628 3611 658 3656 iu
675 3611 800 3667 usniqen
815 3604 1033 3656 llsndsobril'ten
1052 3609 1158 3663 finden.

115 3679 210 3743 Atque
236 3683 324 3726 autea
354 3676 465 3744 quidem
495 3677 585 3728 morbi
614 3681 836 3726 airrrurur‘mcem
864 3675 981 3724 moleste
1004 3675 1158 3742 serebat,

111 3751 278 3818 priusquam
295 3745 346 3796 boc
365 3751 391 3796 ei
408 3745 569 3798 accideret.
594 3745 631 3796 Es
650 3750 686 3796 ist
704 3744 840 3797 ‹lorch-aus
860 3743 937 3795 nicht
954 3745 1159 3801 rrabrschein-

115 3816 187 3877 lich,
214 3813 274 3865 ‹lals
293 3813 340 3866 das
359 3815 496 3884 Fol'gende
514 3814 667 3881 geschrlren
686 3832 749 3883 say,
774 3813 888 3872 elredus
908 3811 1070 3868 Gesehwur
1090 3837 1159 3872 aus-

114 3883 216 3936 brseh.
246 3883 328 3936 Deam
346 3883 396 3938 slas
414 3888 510 3938 ficher
527 3888 590 3953 liam
610 3899 667 3936 erec
683 3886 770 3948 daau,
788 3886 829 3935 als
848 3886 896 3935 das
910 3881 1071 3938 Gescbwur
1090 3902 1158 3943 me

115 3953 270 4023 gebrechen
286 3972 356 4009 aar.
391 3956 519 4028 Freylich
536 3958 607 4011 uias
625 3955 697 4012 auch
715 3952 776 4010 ciue
792 3956 883 4008 Lbclrc
900 3951 1079 4022 godenkbar.
