2526 4394
113 220 172 288 366
269 218 384 287 XXV.
408 218 448 284 Τ.
466 219 659 303 Pomponius
677 192 815 287 Atticini
851 219 931 303 cap.
946 218 1002 286 7.

176 391 277 436 nemo
306 372 389 435 ferre
417 384 544 455 peccet,
576 369 679 452 hujus
698 371 772 435 eine
790 370 984 433 offensione
1007 370 1053 433 ad
1077 384 1163 442 uum·

174 498 264 541 mam
293 491 498 539 senectutem
527 476 703 540 retinuerit
732 475 1022 539 benevolentiam.
1082 477 1160 566 Quo

22 612 24 621 =
116 600 147 652 e.
175 581 261 643 facto
281 582 359 643 tulit
378 581 508 664 pietatis
524 579 681 642 fructum.
722 578 877 642 Caecilius
891 578 992 641 enim
1008 583 1159 646 morione

173 699 369 748 testamento
402 684 574 766 adoptavit
604 704 702 760 eum,
742 682 972 765 heredemque
1005 685 1093 751 iecit
1119 709 1158 751 ex

173 790 352 851 dodrante:
383 809 425 851 ex
446 787 712 868 ‹puayhereditate
733 787 859 870 accepit
877 787 1012 852 circiter
1034 793 1158 856 centies

114 893 143 956 3.
171 891 366 955 eeetertium.
405 891 485 954 Erat
503 905 609 973 nupta
628 910 720 953 eoror
736 890 845 954 Attici
863 891 908 978 Q.
923 894 1055 958 Tullio
1074 897 1151 960 Cice

174 994 282 1058 ιοιιίιΙ
301 1014 422 1076 eaeque
450 995 583 1076 nuptiae
609 995 662 1058 Μ.
689 990 805 1058 Cicero
832 996 1055 1076 conciliarat,
1085 1021 1151 1064 cunt

171 1120 242 1180 quo
259 1121 278 1162 a
295 1099 562 1180 condiscipulatu
580 1098 716 1162 vivebat
732 1097 1028 1179 conjunctissime,
1052 1108 1156 1168 multo

168 1204 270 1269 etiam
292 1203 505 1279 familiarius,
531 1225 634 1285 quam
662 1222 741 1265 cum
765 1202 916 1290 Quinto:
948 1219 991 1267 ut
1014 1207 1158 1288 judicari

170 1309 289 1393 poeeit,
310 1311 385 1390 plue
400 1306 438 1370 in
451 1307 598 1371 amicitia
612 1307 724 1370 valere
737 1305 1001 1372 similitudinem
1011 1332 1158 1392 morum,

111 1430 142 1495 4.
170 1434 272 1495 quam
291 1412 495 1476 affinitatem.
534 1412 701 1475 Utebatut
720 1424 833 1472 autem
855 1409 981 1475 intime
1004 1414 1159 1501 Q.H01.

172 1515 296 1590 tensio,
326 1515 387 1597 qui
412 1516 453 1577 iio
475 1514 680 1598 temporibus
702 1514 929 1598 principatum
952 1518 1159 1600 eloquentie

171 1623 322 1683 tenebatt
353 1635 391 1682 ut
412 1620 558 1702 intelligi
580 1640 650 1682 non
671 1634 797 1703 poscet,
815 1634 892 1684 uter
911 1639 987 1684 eum
1006 1625 1086 1703 plue
1106 1628 1157 1689 di·

170 1725 302 1810 ligaret,
323 1725 438 1788 Cicero
460 1746 504 1786 an
524 1725 748 1787 Hortensius:
770 1739 803 1788 et
819 1724 872 1798 id,
893 1726 1066 1808 quoderat
1087 1730 1153 1791 dif-

171 1829 383 1907 ficillimum,
413 1828 590 1906 efficiebat,
617 1843 673 1906 ut,
699 1829 788 1892 inter
816 1849 903 1910 quor
925 1842 1017 1894 tante
1036 1831 1155 1896 laudi·

168 1948 251 1998 esset
271 1933 458 2010 emulatio,
479 1935 576 1997 nulla
597 1935 814 1997 intercederet
830 1918 1040 2022 obtrectatio,
1058 1950 1150 2000 eatet-

171 2059 239 2121 que
260 2039 379 2104 talium
399 2038 551 2101 virorum
571 2040 702 2122 copula.

825 2164 840 2201 Ι

110 2233 188 2286 hatte
207 2248 238 2285 eo
256 2230 311 2284 viel
330 2230 461 2301 dehtuog
479 2245 565 2300 gegeu
583 2236 660 2285 aeine
672 2233 803 2298 Lauren,
820 2228 883 2284 dale
901 2249 932 2286 er
949 2233 1012 2288 einh
1030 2233 1152 2290 dedurolr

67 2317 71 2326 ⁴
111 2322 187 2371 aeine
205 2302 450 2371 immerwibrende
468 2317 558 2374 Liebe,
576 2318 694 2371 eruarb.
732 2319 835 2372 Vereri
852 2319 902 2372 het
920 2317 1011 2376 dicere
1030 2323 1085 2376 den
1102 2322 1154 2377 iei-

109 2421 164 2456 uen
182 2400 397 2472 Nebenbegrilf‚
420 2419 486 2454 men
509 2400 583 2456 laete
607 2403 667 2458 rich
692 2418 776 2457 etune
794 2419 846 2456 aue
863 2404 997 2475 Achtung
1015 2407 1155 2477 genuen,

108 2487 168 2540 und
191 2487 256 2558 luge
280 2489 340 2542 rich
362 2486 472 2556 ducein,
496 2505 579 2541 weuu
596 2505 662 2541 man
680 2505 709 2542 ee
728 2487 815 2544 echon
832 2489 874 2544 alr
892 2508 930 2544 an
948 2493 1011 2546 rich
1030 2494 1155 2548 tadelue·

106 2573 196 2627 wetth
213 2575 341 2628 erkeout.

120 2683 170 2771 ¹2
197 2711 381 2784 heredemque
398 2714 482 2786 fecit
499 2733 535 2767 ex
552 2710 716 2782 dodrante]
759 2717 852 2767 Heres
877 2731 915 2765 ex
941 2714 1093 2770 dodrante
1120 2722 1157 2770 iet

107 2797 173 2865 der,
201 2800 321 2854 welchcr
347 2799 417 2870 drey
443 2800 600 2860 Vieriheile
626 2818 686 2852 von
712 2797 763 2851 der
790 2800 1053 2872 Verloesenschaft
1084 2803 1154 2855 erbt.

94 2883 248 2938 'Dodrans
265 2883 393 2937 bedentet
411 2885 568 2956 uberhaupt
588 2883 654 2954 drey
672 2882 822 2937 Viertheile
847 2890 923 2937 einer
939 2885 1043 2939 Sache.
1080 2887 1156 2940 Wcr

105 2968 156 3021 dau
182 2986 267 3039 gance
292 2973 448 3039 Vermo'gcn
475 2969 551 3036 erbe,
577 2968 662 3022 heilet
678 2968 759 3062 lueret
776 2987 818 3020 eo·
830 2987 911 3036 asse,
936 2968 991 3024 der
1006 2971 1087 3024 Erbe
1113 2972 1155 3024 bis

105 3053 172 3124 aus
183 3053 238 3106 den
254 3054 406 3122 Schiliing.

141 3202 168 3262 4.
199 3193 342 3253 Utebatur
360 3191 479 3262 autem]
519 3196 628 3248 Atatem
645 3197 682 3246 iet
698 3194 760 3247 hier
776 3192 856 3246 nicht
870 3182 1023 3263 porticula
1043 3197 1152 3250 aduer-

104 3278 208 3342 sandi‚
236 3277 356 3331 eondcrn
380 3278 590 3346 continuandi,
618 3280 743 3351 famer,
770 3285 822 3331 mit
845 3277 907 3332 dem
931 3279 1152 3352 Nebenbegriise

105 3363 158 3415 ‹ler
175 3365 349 3432 Steigerung.
386 3365 439 3416 Die
456 3365 609 3419 Gelelrrten
635 3365 748 3418 wollten
772 3370 802 3417 iu
826 3366 956 3417 ntehreru
975 3366 1074 3419 Fullen
1099 3384 1154 3422 von

105 3446 157 3499 der
173 3448 226 3499 Art
243 3452 313 3498 item
330 3446 397 3499 oder
415 3456 504 3502 etiam
522 3450 609 3504 lesen.
644 3449 737 3502 Allein
756 3449 801 3502 dic
819 3451 924 3504 Stelleo
941 3450 1008 3502 sind
1025 3469 1062 3502 au
1079 3452 1154 3503 hiiu-

104 3528 157 3597 fig
175 3534 206 3582 iu
220 3528 344 3583 welchcn
362 3542 459 3584 autem
475 3534 533 3587 und
549 3554 613 3588 vero
631 3534 707 3589 diese
722 3534 885 3607 Bedcutung
902 3535 1011 3598 haben,
1029 3535 1073 3588 ele
1090 3535 1153 3588 daie

104 3630 172 3666 man
188 3619 227 3667 tie
245 3615 299 3668 alle
308 3598 420 3670 indutu
440 3622 556 3674 ltdnute.
592 3619 655 3688 Vgl.
677 3623 843 3688 Heusinger
860 3639 895 3671 au
906 3620 1006 3670 Cicero
1023 3619 1060 3669 de
1076 3619 1151 3692 Off.

105 3697 231 3765 Im.
205 3699 433 3773 eWirlrlich
425 3719 462 3758 tet
479 3713 577 3756 autern
590 3705 841 3758 nuohtlrlloklieher
857 3704 898 3759 ule
917 3709 1006 3791 item3
1027 3704 1090 3758 und
1108 3724 1151 3759 er-

103 3780 171 3842 heht
190 3789 286 3839 reinen
303 3787 377 3840 Satn.

189 3909 240 3974 ut,
264 3909 342 3960 inter
357 3924 427 3994 ques
446 3914 540 3990 tenta
564 3905 662 3984 leudie
681 3918 755 3966 esset
772 3910 934 3979 tentilatio,
952 3910 1037 3964 nulla
1055 3916 1150 3964 inter-
