<?xml version="1.0" encoding="UTF-8"?>
<!DOCTYPE html PUBLIC "-//W3C//DTD XHTML 1.0 Transitional//EN"
    "http://www.w3.org/TR/xhtml1/DTD/xhtml1-transitional.dtd">
<html xmlns="http://www.w3.org/1999/xhtml" xml:lang="en" lang="en">
 <head>
  <title>
</title>
<meta http-equiv="Content-Type" content="text/html;charset=utf-8" />
  <meta name='ocr-system' content='tesseract 3.04.00' />
  <meta name='ocr-capabilities' content='ocr_page ocr_carea ocr_par ocr_line ocrx_word'/>
</head>
<body>
  <div class='ocr_page' id='page_1' title='image "./devitaexcellent01bremgoog/devitaexcellent01bremgoog_0143.png"; bbox 0 0 2526 4394; ppageno 0'>
   <div class='ocr_carea' id='block_1_1' title="bbox 151 193 917 303">
    <p class='ocr_par' dir='ltr' id='par_1_1' title="bbox 151 193 917 303">
     <span class='ocr_line' id='line_1_1' title="bbox 151 193 917 303; baseline 0.017 -37"><span class='ocrx_word' id='word_1_1' title='bbox 151 224 211 276; x_wconf 72' lang='lat' dir='ltr'><strong>,m</strong></span> <span class='ocrx_word' id='word_1_2' title='bbox 279 297 283 303; x_wconf 20' lang='grc' dir='ltr'>Ι</span> <span class='ocrx_word' id='word_1_3' title='bbox 429 208 521 289; x_wconf 77' lang='lat' dir='ltr'><strong>Vrr.</strong></span> <span class='ocrx_word' id='word_1_4' title='bbox 541 207 732 273; x_wconf 68' lang='lat' dir='ltr'><strong>anuum.</strong></span> <span class='ocrx_word' id='word_1_5' title='bbox 773 211 849 294; x_wconf 65' lang='lat' dir='ltr'><strong>cap.</strong></span> <span class='ocrx_word' id='word_1_6' title='bbox 872 193 917 278; x_wconf 64' lang='lat' dir='ltr'><strong>r,</strong></span> 
     </span>
    </p>
   </div>
   <div class='ocr_carea' id='block_1_2' title="bbox 93 348 1243 1071">
    <p class='ocr_par' dir='ltr' id='par_1_2' title="bbox 93 348 1243 652">
     <span class='ocr_line' id='line_1_2' title="bbox 93 348 1184 438; baseline 0.01 -21"><span class='ocrx_word' id='word_1_7' title='bbox 93 368 119 431; x_wconf 53' lang='grc' dir='ltr'>ἢ</span> <span class='ocrx_word' id='word_1_8' title='bbox 173 396 178 413; x_wconf 66' lang='lat'>1</span> <span class='ocrx_word' id='word_1_9' title='bbox 214 348 400 420; x_wconf 78' lang='lat' dir='ltr'><strong>ternuntios</strong></span> <span class='ocrx_word' id='word_1_10' title='bbox 421 358 640 438; x_wconf 77' lang='lat' dir='ltr'>colloquitur,</span> <span class='ocrx_word' id='word_1_11' title='bbox 668 361 761 422; x_wconf 83' lang='lat' dir='ltr'><strong>etde</strong></span> <span class='ocrx_word' id='word_1_12' title='bbox 783 363 893 423; x_wconf 86' lang='lat' dir='ltr'><strong>reditu</strong></span> <span class='ocrx_word' id='word_1_13' title='bbox 914 383 973 426; x_wconf 83' lang='lat' dir='ltr'><strong>suo</strong></span> <span class='ocrx_word' id='word_1_14' title='bbox 995 366 1073 429; x_wconf 86' lang='lat' dir='ltr'><strong>facit</strong></span> <span class='ocrx_word' id='word_1_15' title='bbox 1094 383 1184 430; x_wconf 58' lang='lat' dir='ltr'><strong>men*</strong></span> 
     </span>
     <span class='ocr_line' id='line_1_3' title="bbox 183 451 1243 546; baseline 0.008 -24"><span class='ocrx_word' id='word_1_16' title='bbox 183 479 188 534; x_wconf 83' lang='lat' dir='ltr'>j</span> <span class='ocrx_word' id='word_1_17' title='bbox 216 462 352 524; x_wconf 85' lang='lat' dir='ltr'><strong>tionem.</strong></span> <span class='ocrx_word' id='word_1_18' title='bbox 391 463 470 526; x_wconf 83' lang='lat' dir='ltr'>Erat</span> <span class='ocrx_word' id='word_1_19' title='bbox 487 463 578 525; x_wconf 89' lang='lat' dir='ltr'><strong>enim</strong></span> <span class='ocrx_word' id='word_1_20' title='bbox 595 458 731 539; x_wconf 84' lang='lat' dir='ltr'><strong>eodem,</strong></span> <span class='ocrx_word' id='word_1_21' title='bbox 753 486 820 546; x_wconf 90' lang='lat' dir='ltr'><strong>quo</strong></span> <span class='ocrx_word' id='word_1_22' title='bbox 839 467 1049 544; x_wconf 79' lang='lat' dir='ltr'><strong>Alcibiades,</strong></span> <span class='ocrx_word' id='word_1_23' title='bbox 1070 451 1185 543; x_wconf 80' lang='lat' dir='ltr'><strong>sensu,</strong></span> <span class='ocrx_word' id='word_1_24' title='bbox 1240 494 1243 499; x_wconf 60' lang='grc'>’</span> 
     </span>
     <span class='ocr_line' id='line_1_4' title="bbox 213 561 1186 652; baseline 0.007 -27"><span class='ocrx_word' id='word_1_25' title='bbox 213 566 330 647; x_wconf 88' lang='lat' dir='ltr'><strong>populi</strong></span> <span class='ocrx_word' id='word_1_26' title='bbox 353 561 507 647; x_wconf 75' lang='lat' dir='ltr'><strong>potentiae</strong></span> <span class='ocrx_word' id='word_1_27' title='bbox 531 588 601 628; x_wconf 93' lang='lat' dir='ltr'><strong>non</strong></span> <span class='ocrx_word' id='word_1_28' title='bbox 626 569 766 644; x_wconf 85' lang='lat' dir='ltr'><strong>amicus,</strong></span> <span class='ocrx_word' id='word_1_29' title='bbox 792 584 825 632; x_wconf 91' lang='lat' dir='ltr'><strong>et</strong></span> <span class='ocrx_word' id='word_1_30' title='bbox 850 572 1047 652; x_wconf 90' lang='lat' dir='ltr'><strong>optimatum</strong></span> <span class='ocrx_word' id='word_1_31' title='bbox 1067 573 1186 635; x_wconf 79' lang='lat' dir='ltr'><strong>fautor.</strong></span> 
     </span>
    </p>

    <p class='ocr_par' dir='ltr' id='par_1_3' title="bbox 154 669 1187 1071">
     <span class='ocr_line' id='line_1_5' title="bbox 154 669 1186 757; baseline 0.009 -28"><span class='ocrx_word' id='word_1_32' title='bbox 154 685 185 747; x_wconf 71' lang='lat'><strong>4.</strong></span> <span class='ocrx_word' id='word_1_33' title='bbox 216 670 273 730; x_wconf 89' lang='lat' dir='ltr'><strong>Ab</strong></span> <span class='ocrx_word' id='word_1_34' title='bbox 291 669 355 730; x_wconf 90' lang='lat' dir='ltr'><strong>hoc</strong></span> <span class='ocrx_word' id='word_1_35' title='bbox 370 671 559 747; x_wconf 75' lang='lat' dir='ltr'><strong>destitutus,</strong></span> <span class='ocrx_word' id='word_1_36' title='bbox 579 672 725 753; x_wconf 89' lang='lat' dir='ltr'><strong>primum</strong></span> <span class='ocrx_word' id='word_1_37' title='bbox 745 689 802 754; x_wconf 88' lang='lat' dir='ltr'><strong>per</strong></span> <span class='ocrx_word' id='word_1_38' title='bbox 818 675 1079 755; x_wconf 82' lang='lat' dir='ltr'><strong>Thrasybulum,</strong></span> <span class='ocrx_word' id='word_1_39' title='bbox 1100 672 1186 757; x_wconf 83' lang='lat' dir='ltr'><strong>Lyci</strong></span> 
     </span>
     <span class='ocr_line' id='line_1_6' title="bbox 214 773 1187 861; baseline 0.005 -26"><span class='ocrx_word' id='word_1_40' title='bbox 214 773 348 851; x_wconf 84' lang='lat' dir='ltr'><strong>filium,</strong></span> <span class='ocrx_word' id='word_1_41' title='bbox 368 777 415 837; x_wconf 80' lang='lat' dir='ltr'><strong>&#39;ab</strong></span> <span class='ocrx_word' id='word_1_42' title='bbox 445 777 592 837; x_wconf 86' lang='lat' dir='ltr'><strong>exercitu</strong></span> <span class='ocrx_word' id='word_1_43' title='bbox 621 777 792 859; x_wconf 85' lang='lat' dir='ltr'><strong>recipitur,</strong></span> <span class='ocrx_word' id='word_1_44' title='bbox 826 793 1007 861; x_wconf 78' lang='lat' dir='ltr'><strong>praetorque</strong></span> <span class='ocrx_word' id='word_1_45' title='bbox 1034 779 1071 839; x_wconf 79' lang='lat' dir='ltr'><strong>fit</strong></span> <span class='ocrx_word' id='word_1_46' title='bbox 1096 781 1187 858; x_wconf 88' lang='lat' dir='ltr'><strong>apud</strong></span> 
     </span>
     <span class='ocr_line' id='line_1_7' title="bbox 215 876 1186 964; baseline 0.004 -26"><span class='ocrx_word' id='word_1_47' title='bbox 215 876 371 951; x_wconf 84' lang='lat' dir='ltr'><strong>Samum3</strong></span> <span class='ocrx_word' id='word_1_48' title='bbox 402 892 491 960; x_wconf 89' lang='lat' dir='ltr'><strong>post,</strong></span> <span class='ocrx_word' id='word_1_49' title='bbox 515 879 712 963; x_wconf 84' lang='lat' dir='ltr'><strong>suffragante</strong></span> <span class='ocrx_word' id='word_1_50' title='bbox 738 883 963 955; x_wconf 74' lang='lat' dir='ltr'><strong>Theramene,</strong></span> <span class='ocrx_word' id='word_1_51' title='bbox 988 881 1186 964; x_wconf 82' lang='lat' dir='ltr'><strong>populiscitu</strong></span> 
     </span>
     <span class='ocr_line' id='line_1_8' title="bbox 213 982 1186 1071; baseline 0.003 -29"><span class='ocrx_word' id='word_1_52' title='bbox 213 982 413 1052; x_wconf 83' lang='lat' dir='ltr'><strong>restituitur,</strong></span> <span class='ocrx_word' id='word_1_53' title='bbox 439 983 575 1064; x_wconf 85' lang='lat' dir='ltr'><strong>parique</strong></span> <span class='ocrx_word' id='word_1_54' title='bbox 595 987 710 1047; x_wconf 84' lang='lat' dir='ltr'><strong>absens</strong></span> <span class='ocrx_word' id='word_1_55' title='bbox 730 986 869 1071; x_wconf 87' lang='lat' dir='ltr'><strong>imperio</strong></span> <span class='ocrx_word' id='word_1_56' title='bbox 891 986 1061 1068; x_wconf 83' lang='lat' dir='ltr'><strong>praeficitur</strong></span> <span class='ocrx_word' id='word_1_57' title='bbox 1082 987 1186 1046; x_wconf 82' lang='lat' dir='ltr'><strong>simul</strong></span> 
     </span>
    </p>
   </div>
   <div class='ocr_carea' id='block_1_3' title="bbox 38 1081 1187 1169">
    <p class='ocr_par' dir='ltr' id='par_1_4' title="bbox 38 1081 1187 1169">
     <span class='ocr_line' id='line_1_9' title="bbox 38 1081 1187 1169; baseline -0.003 -18"><span class='ocrx_word' id='word_1_58' title='bbox 38 1111 57 1166; x_wconf 58' lang='grc' dir='ltr'>ᾗ</span> <span class='ocrx_word' id='word_1_59' title='bbox 146 1081 184 1150; x_wconf 71' lang='grc' dir='ltr'><strong>Ῑ5ι</strong></span> <span class='ocrx_word' id='word_1_60' title='bbox 215 1107 291 1149; x_wconf 91' lang='lat' dir='ltr'><strong>cum</strong></span> <span class='ocrx_word' id='word_1_61' title='bbox 306 1087 513 1169; x_wconf 85' lang='lat' dir='ltr'><strong>Thrasybulo</strong></span> <span class='ocrx_word' id='word_1_62' title='bbox 531 1105 563 1152; x_wconf 86' lang='lat' dir='ltr'><strong>et</strong></span> <span class='ocrx_word' id='word_1_63' title='bbox 578 1090 798 1167; x_wconf 82' lang='lat' dir='ltr'><strong>Theramene,</strong></span> <span class='ocrx_word' id='word_1_64' title='bbox 840 1091 974 1153; x_wconf 90' lang='lat' dir='ltr'><strong>Horum</strong></span> <span class='ocrx_word' id='word_1_65' title='bbox 994 1091 1030 1151; x_wconf 91' lang='lat' dir='ltr'><strong>in</strong></span> <span class='ocrx_word' id='word_1_66' title='bbox 1048 1089 1187 1169; x_wconf 82' lang='lat' dir='ltr'><strong>imperio</strong></span> 
     </span>
    </p>
   </div>
   <div class='ocr_carea' id='block_1_4' title="bbox 108 1189 1196 2106">
    <p class='ocr_par' dir='ltr' id='par_1_5' title="bbox 177 1189 1192 1484">
     <span class='ocr_line' id='line_1_10' title="bbox 177 1189 1192 1270; baseline -0.006 -13.767"><span class='ocrx_word' id='word_1_67' title='bbox 177 1205 303 1256; x_wconf 90' lang='lat' dir='ltr'><strong>tanta</strong></span> <span class='ocrx_word' id='word_1_68' title='bbox 319 1195 539 1256; x_wconf 83' lang='lat' dir='ltr'><strong>commutatio</strong></span> <span class='ocrx_word' id='word_1_69' title='bbox 558 1216 667 1255; x_wconf 89' lang='lat' dir='ltr'><strong>rerum</strong></span> <span class='ocrx_word' id='word_1_70' title='bbox 686 1196 770 1260; x_wconf 89' lang='lat' dir='ltr'><strong>facta</strong></span> <span class='ocrx_word' id='word_1_71' title='bbox 790 1209 852 1270; x_wconf 87' lang='lat' dir='ltr'><strong>est,</strong></span> <span class='ocrx_word' id='word_1_72' title='bbox 874 1208 911 1255; x_wconf 92' lang='lat' dir='ltr'><strong>ut</strong></span> <span class='ocrx_word' id='word_1_73' title='bbox 930 1189 1192 1265; x_wconf 76' lang='lat' dir='ltr'><strong>Lacedaemonii,</strong></span> 
     </span>
     <span class='ocr_line' id='line_1_11' title="bbox 215 1295 1192 1411; baseline -0.002 -54"><span class='ocrx_word' id='word_1_74' title='bbox 215 1296 276 1375; x_wconf 91' lang='lat' dir='ltr'><strong>qui</strong></span> <span class='ocrx_word' id='word_1_75' title='bbox 297 1299 412 1399; x_wconf 86' lang='lat' dir='ltr'><strong>paullo</strong></span> <span class='ocrx_word' id='word_1_76' title='bbox 432 1314 507 1361; x_wconf 88' lang='lat' dir='ltr'><strong>ante</strong></span> <span class='ocrx_word' id='word_1_77' title='bbox 528 1300 667 1362; x_wconf 85' lang='lat' dir='ltr'><strong>victores</strong></span> <span class='ocrx_word' id='word_1_78' title='bbox 688 1301 877 1382; x_wconf 80' lang='lat' dir='ltr'><strong>viguerant,</strong></span> <span class='ocrx_word' id='word_1_79' title='bbox 898 1295 1069 1411; x_wconf 82' lang='lat' dir='ltr'><strong>perterriti</strong></span> <span class='ocrx_word' id='word_1_80' title='bbox 1076 1314 1192 1376; x_wconf 84' lang='lat' dir='ltr'><strong>pacem</strong></span> 
     </span>
     <span class='ocr_line' id='line_1_12' title="bbox 214 1374 1193 1484; baseline -0.002 -22"><span class='ocrx_word' id='word_1_81' title='bbox 214 1415 372 1482; x_wconf 88' lang='lat' dir='ltr'><strong>peterent.</strong></span> <span class='ocrx_word' id='word_1_82' title='bbox 396 1393 545 1466; x_wconf 88' lang='lat' dir='ltr'><strong>Victi</strong></span> <span class='ocrx_word' id='word_1_83' title='bbox 536 1404 627 1464; x_wconf 90' lang='lat' dir='ltr'><strong>enim</strong></span> <span class='ocrx_word' id='word_1_84' title='bbox 655 1420 747 1465; x_wconf 84' lang='lat' dir='ltr'><strong>erant</strong></span> <span class='ocrx_word' id='word_1_85' title='bbox 774 1406 926 1484; x_wconf 87' lang='lat' dir='ltr'><strong>quinque</strong></span> <span class='ocrx_word' id='word_1_86' title='bbox 938 1374 1075 1482; x_wconf 83' lang='lat' dir='ltr'><strong>proeliis</strong></span> <span class='ocrx_word' id='word_1_87' title='bbox 1099 1414 1193 1461; x_wconf 86' lang='lat' dir='ltr'><strong>terre·</strong></span> 
     </span>
    </p>

    <p class='ocr_par' dir='ltr' id='par_1_6' title="bbox 108 1492 1194 1688">
     <span class='ocr_line' id='line_1_13' title="bbox 108 1492 1194 1582; baseline -0.004 -16"><span class='ocrx_word' id='word_1_88' title='bbox 108 1492 111 1497; x_wconf 55' lang='grc'>’</span> <span class='ocrx_word' id='word_1_89' title='bbox 214 1504 351 1581; x_wconf 85' lang='lat' dir='ltr'><strong>stribus,</strong></span> <span class='ocrx_word' id='word_1_90' title='bbox 374 1506 476 1568; x_wconf 86' lang='lat' dir='ltr'><strong>trrbus</strong></span> <span class='ocrx_word' id='word_1_91' title='bbox 494 1508 686 1579; x_wconf 82' lang='lat' dir='ltr'><strong>navalibus</strong></span> <span class='ocrx_word' id='word_1_92' title='bbox 709 1507 746 1565; x_wconf 90' lang='lat' dir='ltr'><strong>in</strong></span> <span class='ocrx_word' id='word_1_93' title='bbox 766 1507 889 1582; x_wconf 87' lang='lat' dir='ltr'><strong>quibus</strong></span> <span class='ocrx_word' id='word_1_94' title='bbox 910 1505 1068 1563; x_wconf 87' lang='lat' dir='ltr'><strong>ducentas</strong></span> <span class='ocrx_word' id='word_1_95' title='bbox 1092 1520 1194 1564; x_wconf 82' lang='lat' dir='ltr'><strong>naves</strong></span> 
     </span>
     <span class='ocr_line' id='line_1_14' title="bbox 216 1606 1194 1688; baseline -0.001 -19"><span class='ocrx_word' id='word_1_96' title='bbox 216 1608 362 1670; x_wconf 85' lang='lat' dir='ltr'><strong>triremes</strong></span> <span class='ocrx_word' id='word_1_97' title='bbox 380 1610 572 1680; x_wconf 87' lang='lat' dir='ltr'><strong>amiserant,</strong></span> <span class='ocrx_word' id='word_1_98' title='bbox 600 1628 673 1688; x_wconf 84' lang='lat' dir='ltr'><strong>quae</strong></span> <span class='ocrx_word' id='word_1_99' title='bbox 692 1621 791 1688; x_wconf 87' lang='lat' dir='ltr'><strong>captae</strong></span> <span class='ocrx_word' id='word_1_100' title='bbox 808 1608 844 1667; x_wconf 92' lang='lat' dir='ltr'><strong>in</strong></span> <span class='ocrx_word' id='word_1_101' title='bbox 862 1606 1010 1666; x_wconf 90' lang='lat' dir='ltr'><strong>hostium</strong></span> <span class='ocrx_word' id='word_1_102' title='bbox 1031 1620 1194 1668; x_wconf 90' lang='lat' dir='ltr'><strong>venerant</strong></span> 
     </span>
    </p>

    <p class='ocr_par' dir='ltr' id='par_1_7' title="bbox 158 1707 1196 2001">
     <span class='ocr_line' id='line_1_15' title="bbox 158 1707 1196 1806; baseline -0.004 -32"><span class='ocrx_word' id='word_1_103' title='bbox 158 1710 186 1775; x_wconf 77' lang='lat' dir='ltr'><strong>si.</strong></span> <span class='ocrx_word' id='word_1_104' title='bbox 217 1726 420 1806; x_wconf 87' lang='lat' dir='ltr'><strong>potestatem.</strong></span> <span class='ocrx_word' id='word_1_105' title='bbox 458 1710 652 1773; x_wconf 83' lang='lat' dir='ltr'><strong>Alcibiades</strong></span> <span class='ocrx_word' id='word_1_106' title='bbox 669 1712 773 1772; x_wconf 85' lang='lat' dir='ltr'><strong>sirhul</strong></span> <span class='ocrx_word' id='word_1_107' title='bbox 788 1731 865 1771; x_wconf 90' lang='lat' dir='ltr'><strong>cum</strong></span> <span class='ocrx_word' id='word_1_108' title='bbox 880 1707 1014 1792; x_wconf 85' lang='lat' dir='ltr'><strong>collegis</strong></span> <span class='ocrx_word' id='word_1_109' title='bbox 1031 1723 1196 1791; x_wconf 83' lang='lat' dir='ltr'><strong>receperat</strong></span> 
     </span>
     <span class='ocr_line' id='line_1_16' title="bbox 216 1815 1195 1895; baseline -0.006 -15"><span class='ocrx_word' id='word_1_110' title='bbox 216 1818 369 1891; x_wconf 73' lang='lat' dir='ltr'><strong>ioniam,</strong></span> <span class='ocrx_word' id='word_1_111' title='bbox 391 1817 670 1895; x_wconf 84' lang='lat' dir='ltr'><strong>Hellespontum,</strong></span> <span class='ocrx_word' id='word_1_112' title='bbox 691 1815 812 1874; x_wconf 89' lang='lat' dir='ltr'><strong>multas</strong></span> <span class='ocrx_word' id='word_1_113' title='bbox 830 1827 980 1895; x_wconf 85' lang='lat' dir='ltr'><strong>praeterea</strong></span> <span class='ocrx_word' id='word_1_114' title='bbox 999 1818 1094 1874; x_wconf 91' lang='lat' dir='ltr'><strong>urbes</strong></span> <span class='ocrx_word' id='word_1_115' title='bbox 1110 1815 1195 1874; x_wconf 77' lang='lat' dir='ltr'><strong>Grae·</strong></span> 
     </span>
     <span class='ocr_line' id='line_1_17' title="bbox 215 1896 1196 2001; baseline -0.007 -16"><span class='ocrx_word' id='word_1_116' title='bbox 215 1921 282 1998; x_wconf 65' lang='grc' dir='ltr'>ιιι,</span> <span class='ocrx_word' id='word_1_117' title='bbox 310 1941 385 2001; x_wconf 86' lang='lat' dir='ltr'><strong>quae</strong></span> <span class='ocrx_word' id='word_1_118' title='bbox 405 1921 441 1981; x_wconf 88' lang='lat' dir='ltr'><strong>in</strong></span> <span class='ocrx_word' id='word_1_119' title='bbox 463 1941 519 1980; x_wconf 87' lang='lat' dir='ltr'><strong>ora</strong></span> <span class='ocrx_word' id='word_1_120' title='bbox 539 1896 608 1980; x_wconf 80' lang='lat' dir='ltr'><strong>aitae</strong></span> <span class='ocrx_word' id='word_1_121' title='bbox 627 1933 706 1981; x_wconf 87' lang='lat' dir='ltr'><strong>sunt</strong></span> <span class='ocrx_word' id='word_1_122' title='bbox 727 1917 833 1992; x_wconf 80' lang='lat' dir='ltr'><strong>Asiae,</strong></span> <span class='ocrx_word' id='word_1_123' title='bbox 862 1937 1004 1997; x_wconf 90' lang='lat' dir='ltr'><strong>quarum</strong></span> <span class='ocrx_word' id='word_1_124' title='bbox 1028 1938 1196 1999; x_wconf 85' lang='lat' dir='ltr'><strong>expugna·</strong></span> 
     </span>
    </p>

    <p class='ocr_par' dir='ltr' id='par_1_8' title="bbox 143 2022 1195 2106">
     <span class='ocr_line' id='line_1_18' title="bbox 143 2022 1195 2106; baseline -0.007 -17"><span class='ocrx_word' id='word_1_125' title='bbox 143 2034 144 2039; x_wconf 76' lang='grc'>’</span> <span class='ocrx_word' id='word_1_126' title='bbox 217 2041 291 2089; x_wconf 84' lang='lat' dir='ltr'><strong>rant</strong></span> <span class='ocrx_word' id='word_1_127' title='bbox 316 2024 584 2106; x_wconf 87' lang='lat' dir='ltr'><strong>complures,1n</strong></span> <span class='ocrx_word' id='word_1_128' title='bbox 611 2024 663 2086; x_wconf 88' lang='lat' dir='ltr'><strong>his</strong></span> <span class='ocrx_word' id='word_1_129' title='bbox 686 2022 906 2103; x_wconf 86' lang='lat' dir='ltr'><strong>Byzantium,</strong></span> <span class='ocrx_word' id='word_1_130' title='bbox 938 2039 1050 2102; x_wconf 86' lang='lat' dir='ltr'><strong>neque</strong></span> <span class='ocrx_word' id='word_1_131' title='bbox 1080 2023 1195 2084; x_wconf 83' lang='lat' dir='ltr'><strong>minus</strong></span> 
     </span>
    </p>
   </div>
   <div class='ocr_carea' id='block_1_5' title="bbox 130 2210 1207 2776">
    <p class='ocr_par' dir='ltr' id='par_1_9' title="bbox 130 2210 1207 2776">
     <span class='ocr_line' id='line_1_19' title="bbox 193 2210 1197 2285; baseline -0.004 -15"><span class='ocrx_word' id='word_1_132' title='bbox 193 2229 228 2285; x_wconf 74' lang='grc'><strong>4.·</strong></span> <span class='ocrx_word' id='word_1_133' title='bbox 245 2218 291 2270; x_wconf 76' lang='lat' dir='ltr'><strong>Ab</strong></span> <span class='ocrx_word' id='word_1_134' title='bbox 308 2215 361 2267; x_wconf 80' lang='lat' dir='ltr'><strong>hoc</strong></span> <span class='ocrx_word' id='word_1_135' title='bbox 379 2213 548 2283; x_wconf 64' lang='lat' dir='ltr'><strong>desistatur]</strong></span> <span class='ocrx_word' id='word_1_136' title='bbox 576 2215 746 2282; x_wconf 68' lang='lat' dir='ltr'><strong>Destituere¹</strong></span> <span class='ocrx_word' id='word_1_137' title='bbox 758 2213 827 2266; x_wconf 84' lang='lat' dir='ltr'><strong>wird</strong></span> <span class='ocrx_word' id='word_1_138' title='bbox 846 2233 901 2267; x_wconf 87' lang='lat' dir='ltr'><strong>von</strong></span> <span class='ocrx_word' id='word_1_139' title='bbox 915 2210 982 2268; x_wconf 85' lang='lat' dir='ltr'><strong>dem</strong></span> <span class='ocrx_word' id='word_1_140' title='bbox 997 2227 1107 2283; x_wconf 79' lang='lat' dir='ltr'><strong>gesagt,</strong></span> <span class='ocrx_word' id='word_1_141' title='bbox 1124 2212 1197 2266; x_wconf 77' lang='lat' dir='ltr'><strong>wel·</strong></span> 
     </span>
     <span class='ocr_line' id='line_1_20' title="bbox 157 2297 1199 2367; baseline -0.004 -12"><span class='ocrx_word' id='word_1_142' title='bbox 157 2304 224 2355; x_wconf 84' lang='lat' dir='ltr'><strong>cher</strong></span> <span class='ocrx_word' id='word_1_143' title='bbox 249 2300 293 2353; x_wconf 91' lang='lat' dir='ltr'><strong>die</strong></span> <span class='ocrx_word' id='word_1_144' title='bbox 317 2298 497 2367; x_wconf 78' lang='lat' dir='ltr'><strong>Holinungen</strong></span> <span class='ocrx_word' id='word_1_145' title='bbox 522 2298 579 2351; x_wconf 90' lang='lat' dir='ltr'><strong>und</strong></span> <span class='ocrx_word' id='word_1_146' title='bbox 604 2299 750 2355; x_wconf 79' lang='lat' dir='ltr'><strong>Wimethe</strong></span> <span class='ocrx_word' id='word_1_147' title='bbox 777 2298 825 2352; x_wconf 84' lang='lat' dir='ltr'><strong>dea</strong></span> <span class='ocrx_word' id='word_1_148' title='bbox 853 2300 958 2353; x_wconf 87' lang='lat' dir='ltr'><strong>andern</strong></span> <span class='ocrx_word' id='word_1_149' title='bbox 982 2299 1059 2352; x_wconf 87' lang='lat' dir='ltr'><strong>nieht</strong></span> <span class='ocrx_word' id='word_1_150' title='bbox 1084 2297 1199 2366; x_wconf 75' lang='lat' dir='ltr'><strong>erfullt,</strong></span> 
     </span>
     <span class='ocr_line' id='line_1_21' title="bbox 159 2382 1198 2457; baseline -0.002 -18.054"><span class='ocrx_word' id='word_1_151' title='bbox 130 2401 206 2463; x_wconf 86' lang='lat' dir='ltr'><strong>sey</strong></span> <span class='ocrx_word' id='word_1_152' title='bbox 231 2401 274 2450; x_wconf 81' lang='lat' dir='ltr'><strong>et,</strong></span> <span class='ocrx_word' id='word_1_153' title='bbox 301 2382 361 2436; x_wconf 84' lang='lat' dir='ltr'><strong>dass</strong></span> <span class='ocrx_word' id='word_1_154' title='bbox 386 2402 416 2435; x_wconf 88' lang='lat' dir='ltr'><strong>er</strong></span> <span class='ocrx_word' id='word_1_155' title='bbox 439 2383 549 2454; x_wconf 87' lang='lat' dir='ltr'><strong>jemand</strong></span> <span class='ocrx_word' id='word_1_156' title='bbox 575 2403 609 2436; x_wconf 91' lang='lat' dir='ltr'><strong>zu</strong></span> <span class='ocrx_word' id='word_1_157' title='bbox 632 2385 727 2438; x_wconf 84' lang='lat' dir='ltr'><strong>diesen</strong></span> <span class='ocrx_word' id='word_1_158' title='bbox 745 2384 928 2454; x_wconf 77' lang='lat' dir='ltr'><strong>Holfnungen</strong></span> <span class='ocrx_word' id='word_1_159' title='bbox 952 2383 1009 2436; x_wconf 85' lang='lat' dir='ltr'><strong>und</strong></span> <span class='ocrx_word' id='word_1_160' title='bbox 1026 2384 1198 2438; x_wconf 78' lang='lat' dir='ltr'><strong>Wiiuschen</strong></span> 
     </span>
     <span class='ocr_line' id='line_1_22' title="bbox 130 2467 1200 2544; baseline -0.002 -21"><span class='ocrx_word' id='word_1_161' title='bbox 130 2532 132 2542; x_wconf 16' lang='grc' dir='ltr'>ἦ</span> <span class='ocrx_word' id='word_1_162' title='bbox 156 2468 327 2544; x_wconf 82' lang='lat' dir='ltr'><strong>berechtiget</strong></span> <span class='ocrx_word' id='word_1_163' title='bbox 348 2467 432 2534; x_wconf 87' lang='lat' dir='ltr'><strong>habe,</strong></span> <span class='ocrx_word' id='word_1_164' title='bbox 458 2468 524 2520; x_wconf 83' lang='lat' dir='ltr'><strong>oder</strong></span> <span class='ocrx_word' id='word_1_165' title='bbox 541 2468 630 2521; x_wconf 85' lang='lat' dir='ltr'><strong>nicht.</strong></span> <span class='ocrx_word' id='word_1_166' title='bbox 665 2472 701 2523; x_wconf 90' lang='lat' dir='ltr'><strong>So</strong></span> <span class='ocrx_word' id='word_1_167' title='bbox 720 2489 744 2523; x_wconf 85' lang='grc' dir='ltr'>ι.</span> <span class='ocrx_word' id='word_1_168' title='bbox 762 2468 796 2522; x_wconf 90' lang='grc' dir='ltr'><strong>Β.</strong></span> <span class='ocrx_word' id='word_1_169' title='bbox 815 2468 947 2541; x_wconf 79' lang='lat' dir='ltr'><strong>fortuna</strong></span> <span class='ocrx_word' id='word_1_170' title='bbox 966 2487 1029 2520; x_wconf 81' lang='lat' dir='ltr'><strong>enm</strong></span> <span class='ocrx_word' id='word_1_171' title='bbox 1047 2468 1200 2536; x_wconf 76' lang='lat' dir='ltr'><strong>destituit,</strong></span> 
     </span>
     <span class='ocr_line' id='line_1_23' title="bbox 157 2552 1207 2620; baseline 0 -15"><span class='ocrx_word' id='word_1_172' title='bbox 157 2553 217 2606; x_wconf 89' lang='lat' dir='ltr'><strong>und</strong></span> <span class='ocrx_word' id='word_1_173' title='bbox 242 2552 394 2606; x_wconf 78' lang='lat' dir='ltr'><strong>iihnlirhes.</strong></span> <span class='ocrx_word' id='word_1_174' title='bbox 438 2555 621 2617; x_wconf 78' lang='lat' dir='ltr'><strong>Destitutor,</strong></span> <span class='ocrx_word' id='word_1_175' title='bbox 647 2573 702 2606; x_wconf 83' lang='lat' dir='ltr'><strong>wer</strong></span> <span class='ocrx_word' id='word_1_176' title='bbox 729 2553 823 2605; x_wconf 83' lang='lat' dir='ltr'><strong>eich&#39;</strong></span> <span class='ocrx_word' id='word_1_177' title='bbox 815 2574 845 2606; x_wconf 78' lang='lat' dir='ltr'><strong>in</strong></span> <span class='ocrx_word' id='word_1_178' title='bbox 873 2561 969 2606; x_wconf 81' lang='lat' dir='ltr'><strong>seineu</strong></span> <span class='ocrx_word' id='word_1_179' title='bbox 994 2555 1207 2620; x_wconf 82' lang='lat' dir='ltr'><strong>Eruartungen·</strong></span> 
     </span>
     <span class='ocr_line' id='line_1_24' title="bbox 158 2636 1199 2742; baseline 0 -52"><span class='ocrx_word' id='word_1_180' title='bbox 158 2639 217 2690; x_wconf 91' lang='lat' dir='ltr'><strong>uud</strong></span> <span class='ocrx_word' id='word_1_181' title='bbox 235 2638 402 2692; x_wconf 80' lang='lat' dir='ltr'><strong>Wirnschen</strong></span> <span class='ocrx_word' id='word_1_182' title='bbox 427 2636 571 2706; x_wconf 67' lang='lat' dir='ltr'><strong>getiuscht</strong></span> <span class='ocrx_word' id='word_1_183' title='bbox 593 2636 688 2691; x_wconf 85' lang='lat' dir='ltr'><strong>findet.</strong></span> <span class='ocrx_word' id='word_1_184' title='bbox 728 2638 794 2707; x_wconf 83' lang='lat' dir='ltr'><strong>Vgl.</strong></span> <span class='ocrx_word' id='word_1_185' title='bbox 820 2639 993 2708; x_wconf 77' lang='lat' dir='ltr'><strong>Oudendorp</strong></span> <span class='ocrx_word' id='word_1_186' title='bbox 1018 2657 1052 2690; x_wconf 86' lang='lat' dir='ltr'><strong>ru</strong></span> <span class='ocrx_word' id='word_1_187' title='bbox 1074 2639 1199 2742; x_wconf 75' lang='lat' dir='ltr'><strong>Sortem</strong></span> 
     </span>
     <span class='ocr_line' id='line_1_25' title="bbox 161 2725 355 2776; baseline -0.017 0"><span class='ocrx_word' id='word_1_188' title='bbox 161 2725 239 2776; x_wconf 86' lang='lat' dir='ltr'><strong>Nero</strong></span> <span class='ocrx_word' id='word_1_189' title='bbox 266 2740 290 2775; x_wconf 83' lang='lat' dir='ltr'><strong>c.</strong></span> <span class='ocrx_word' id='word_1_190' title='bbox 312 2739 355 2774; x_wconf 88' lang='grc' dir='ltr'>ιο</span> 
     </span>
    </p>
   </div>
   <div class='ocr_carea' id='block_1_6' title="bbox 244 2855 925 2926">
    <p class='ocr_par' dir='ltr' id='par_1_10' title="bbox 244 2855 925 2926">
     <span class='ocr_line' id='line_1_26' title="bbox 244 2855 925 2926; baseline -0.001 -19"><span class='ocrx_word' id='word_1_191' title='bbox 244 2855 437 2926; x_wconf 82' lang='lat' dir='ltr'><strong>populiscito]</strong></span> <span class='ocrx_word' id='word_1_192' title='bbox 478 2857 550 2908; x_wconf 86' lang='lat' dir='ltr'><strong>Man</strong></span> <span class='ocrx_word' id='word_1_193' title='bbox 566 2855 727 2925; x_wconf 48' lang='lat' dir='ltr'><strong>vergleiche,</strong></span> <span class='ocrx_word' id='word_1_194' title='bbox 737 2860 831 2910; x_wconf 84' lang='lat' dir='ltr'><strong>Arist.</strong></span> <span class='ocrx_word' id='word_1_195' title='bbox 849 2862 879 2922; x_wconf 88' lang='lat'><strong>1,</strong></span> <span class='ocrx_word' id='word_1_196' title='bbox 896 2862 925 2917; x_wconf 79' lang='lat'><strong>5.</strong></span> 
     </span>
    </p>
   </div>
   <div class='ocr_carea' id='block_1_7' title="bbox 150 2989 1206 3406">
    <p class='ocr_par' dir='ltr' id='par_1_11' title="bbox 150 2989 1206 3406">
     <span class='ocr_line' id='line_1_27' title="bbox 195 2989 1203 3069; baseline 0 -23"><span class='ocrx_word' id='word_1_197' title='bbox 195 3004 225 3069; x_wconf 70' lang='grc'><strong>5.</strong></span> <span class='ocrx_word' id='word_1_198' title='bbox 251 2999 299 3066; x_wconf 80' lang='lat' dir='ltr'><strong>qui</strong></span> <span class='ocrx_word' id='word_1_199' title='bbox 311 2993 413 3062; x_wconf 82' lang='lat' dir='ltr'><strong>paullo</strong></span> <span class='ocrx_word' id='word_1_200' title='bbox 430 3002 500 3044; x_wconf 81' lang='lat' dir='ltr'><strong>ante</strong></span> <span class='ocrx_word' id='word_1_201' title='bbox 513 2999 642 3047; x_wconf 77' lang='lat' dir='ltr'><strong>victores</strong></span> <span class='ocrx_word' id='word_1_202' title='bbox 656 2997 828 3064; x_wconf 76' lang='lat' dir='ltr'><strong>viguerant]</strong></span> <span class='ocrx_word' id='word_1_203' title='bbox 865 2995 972 3057; x_wconf 75' lang='lat' dir='ltr'><strong>Vigere</strong></span> <span class='ocrx_word' id='word_1_204' title='bbox 988 2992 1024 3041; x_wconf 83' lang='lat' dir='ltr'><strong>itt</strong></span> <span class='ocrx_word' id='word_1_205' title='bbox 1040 2989 1203 3047; x_wconf 57' lang='lat' dir='ltr'><strong>mtrNacha</strong></span> 
     </span>
     <span class='ocr_line' id='line_1_28' title="bbox 150 3072 1203 3148; baseline -0.002 -16"><span class='ocrx_word' id='word_1_206' title='bbox 150 3077 255 3133; x_wconf 66' lang='lat' dir='ltr'><strong>⁴druch</strong></span> <span class='ocrx_word' id='word_1_207' title='bbox 273 3094 379 3148; x_wconf 82' lang='lat' dir='ltr'><strong>gesagt.</strong></span> <span class='ocrx_word' id='word_1_208' title='bbox 413 3079 572 3146; x_wconf 85' lang='lat' dir='ltr'><strong>Eigentlich</strong></span> <span class='ocrx_word' id='word_1_209' title='bbox 591 3078 792 3138; x_wconf 80' lang='lat' dir='ltr'><strong>brauchtman</strong></span> <span class='ocrx_word' id='word_1_210' title='bbox 811 3095 839 3129; x_wconf 84' lang='lat' dir='ltr'><strong>ee</strong></span> <span class='ocrx_word' id='word_1_211' title='bbox 859 3094 913 3127; x_wconf 84' lang='lat' dir='ltr'><strong>von</strong></span> <span class='ocrx_word' id='word_1_212' title='bbox 924 3072 1077 3142; x_wconf 81' lang='lat' dir='ltr'><strong>Pstanzen,</strong></span> <span class='ocrx_word' id='word_1_213' title='bbox 1095 3077 1203 3132; x_wconf 82' lang='lat' dir='ltr'><strong>welche</strong></span> 
     </span>
     <span class='ocr_line' id='line_1_29' title="bbox 164 3158 1202 3232; baseline -0.003 -16"><span class='ocrx_word' id='word_1_214' title='bbox 164 3165 300 3232; x_wconf 80' lang='lat' dir='ltr'><strong>Knospen</strong></span> <span class='ocrx_word' id='word_1_215' title='bbox 325 3163 444 3215; x_wconf 81' lang='lat' dir='ltr'><strong>treiben.</strong></span> <span class='ocrx_word' id='word_1_216' title='bbox 486 3165 571 3215; x_wconf 85' lang='lat' dir='ltr'><strong>Danu</strong></span> <span class='ocrx_word' id='word_1_217' title='bbox 594 3164 643 3216; x_wconf 83' lang='lat' dir='ltr'><strong>hat</strong></span> <span class='ocrx_word' id='word_1_218' title='bbox 668 3181 696 3215; x_wconf 83' lang='lat' dir='ltr'><strong>es</strong></span> <span class='ocrx_word' id='word_1_219' title='bbox 721 3162 874 3230; x_wconf 80' lang='lat' dir='ltr'><strong>uberhaupt</strong></span> <span class='ocrx_word' id='word_1_220' title='bbox 897 3160 942 3211; x_wconf 88' lang='lat' dir='ltr'><strong>die</strong></span> <span class='ocrx_word' id='word_1_221' title='bbox 964 3158 1142 3229; x_wconf 83' lang='lat' dir='ltr'><strong>Bedeutung,</strong></span> <span class='ocrx_word' id='word_1_222' title='bbox 1169 3167 1202 3213; x_wconf 83' lang='lat' dir='ltr'><strong>in</strong></span> 
     </span>
     <span class='ocr_line' id='line_1_30' title="bbox 165 3244 1200 3319; baseline -0.007 -16"><span class='ocrx_word' id='word_1_223' title='bbox 165 3253 261 3299; x_wconf 78' lang='lat' dir='ltr'><strong>seiner</strong></span> <span class='ocrx_word' id='word_1_224' title='bbox 276 3247 341 3298; x_wconf 81' lang='lat' dir='ltr'><strong>vol!</strong></span> <span class='ocrx_word' id='word_1_225' title='bbox 340 3264 374 3297; x_wconf 77' lang='lat' dir='ltr'><strong>en</strong></span> <span class='ocrx_word' id='word_1_226' title='bbox 386 3246 485 3317; x_wconf 78' lang='lat' dir='ltr'><strong>Kraft</strong></span> <span class='ocrx_word' id='word_1_227' title='bbox 500 3265 580 3319; x_wconf 81' lang='lat' dir='ltr'><strong>seyn.</strong></span> <span class='ocrx_word' id='word_1_228' title='bbox 617 3250 703 3302; x_wconf 83' lang='lat' dir='ltr'><strong>Hier</strong></span> <span class='ocrx_word' id='word_1_229' title='bbox 695 3261 733 3300; x_wconf 84' lang='grc' dir='ltr'><strong>ιιι</strong></span> <span class='ocrx_word' id='word_1_230' title='bbox 745 3262 773 3298; x_wconf 81' lang='lat' dir='ltr'><strong>es</strong></span> <span class='ocrx_word' id='word_1_231' title='bbox 787 3245 840 3296; x_wconf 80' lang='lat' dir='ltr'><strong>das</strong></span> <span class='ocrx_word' id='word_1_232' title='bbox 856 3244 1075 3313; x_wconf 76' lang='lat' dir='ltr'><strong>Uebergerricht</strong></span> <span class='ocrx_word' id='word_1_233' title='bbox 1092 3245 1200 3314; x_wconf 76' lang='lat' dir='ltr'><strong>hasen,</strong></span> 
     </span>
     <span class='ocr_line' id='line_1_31' title="bbox 166 3330 1206 3406; baseline 0 -24"><span class='ocrx_word' id='word_1_234' title='bbox 166 3331 221 3384; x_wconf 79' lang='lat' dir='ltr'><strong>den</strong></span> <span class='ocrx_word' id='word_1_235' title='bbox 239 3334 265 3384; x_wconf 85' lang='grc' dir='ltr'><em>Γ</em></span> <span class='ocrx_word' id='word_1_236' title='bbox 262 3330 364 3383; x_wconf 83' lang='lat' dir='ltr'><strong>emden</strong></span> <span class='ocrx_word' id='word_1_237' title='bbox 381 3331 462 3383; x_wconf 81' lang='lat' dir='ltr'><strong>uberi</strong></span> <span class='ocrx_word' id='word_1_238' title='bbox 451 3335 533 3401; x_wconf 77' lang='lat' dir='ltr'><strong>legen</strong></span> <span class='ocrx_word' id='word_1_239' title='bbox 549 3351 631 3406; x_wconf 83' lang='lat' dir='ltr'><strong>seyn.</strong></span> <span class='ocrx_word' id='word_1_240' title='bbox 1203 3345 1206 3352; x_wconf 91' lang='grc'><em>·</em></span> 
     </span>
    </p>
   </div>
   <div class='ocr_carea' id='block_1_8' title="bbox 166 3467 1207 3966">
    <p class='ocr_par' dir='ltr' id='par_1_12' title="bbox 166 3467 1205 3963">
     <span class='ocr_line' id='line_1_32' title="bbox 199 3467 1204 3541; baseline 0 -19"><span class='ocrx_word' id='word_1_241' title='bbox 199 3468 230 3522; x_wconf 76' lang='lat' dir='ltr'><strong>G</strong></span> <span class='ocrx_word' id='word_1_242' title='bbox 256 3472 422 3538; x_wconf 78' lang='lat' dir='ltr'><strong>receperat]</strong></span> <span class='ocrx_word' id='word_1_243' title='bbox 467 3471 600 3540; x_wconf 81' lang='lat' dir='ltr'><strong>Recipere</strong></span> <span class='ocrx_word' id='word_1_244' title='bbox 625 3469 733 3535; x_wconf 81' lang='lat' dir='ltr'><strong>scheint</strong></span> <span class='ocrx_word' id='word_1_245' title='bbox 755 3467 804 3522; x_wconf 82' lang='lat' dir='ltr'><strong>dae</strong></span> <span class='ocrx_word' id='word_1_246' title='bbox 830 3467 952 3522; x_wconf 85' lang='lat' dir='ltr'><strong>Verbum</strong></span> <span class='ocrx_word' id='word_1_247' title='bbox 976 3473 1119 3541; x_wconf 85' lang='lat' dir='ltr'><strong>proprium</strong></span> <span class='ocrx_word' id='word_1_248' title='bbox 1145 3483 1204 3522; x_wconf 81' lang='lat' dir='ltr'><strong>von</strong></span> 
     </span>
     <span class='ocr_line' id='line_1_33' title="bbox 166 3550 1205 3626; baseline 0.002 -22"><span class='ocrx_word' id='word_1_249' title='bbox 166 3550 248 3616; x_wconf 81' lang='lat' dir='ltr'><strong>«lem,</strong></span> <span class='ocrx_word' id='word_1_250' title='bbox 274 3570 331 3605; x_wconf 83' lang='lat' dir='ltr'><strong>was</strong></span> <span class='ocrx_word' id='word_1_251' title='bbox 355 3555 425 3604; x_wconf 68' lang='lat' dir='ltr'><strong>&#39;man</strong></span> <span class='ocrx_word' id='word_1_252' title='bbox 450 3554 539 3608; x_wconf 85' lang='lat' dir='ltr'><strong>durch</strong></span> <span class='ocrx_word' id='word_1_253' title='bbox 562 3557 681 3622; x_wconf 85' lang='lat' dir='ltr'><strong>Vertrag</strong></span> <span class='ocrx_word' id='word_1_254' title='bbox 703 3554 770 3606; x_wconf 87' lang='lat' dir='ltr'><strong>oder</strong></span> <span class='ocrx_word' id='word_1_255' title='bbox 794 3554 959 3626; x_wconf 83' lang='lat' dir='ltr'><strong>freywillige</strong></span> <span class='ocrx_word' id='word_1_256' title='bbox 987 3553 1205 3622; x_wconf 64' lang='lat' dir='ltr'><strong>Unrerwertung</strong></span> 
     </span>
     <span class='ocr_line' id='line_1_34' title="bbox 166 3635 1204 3705; baseline 0.002 -17"><span class='ocrx_word' id='word_1_257' title='bbox 166 3637 229 3688; x_wconf 80' lang='lat' dir='ltr'><strong>sich</strong></span> <span class='ocrx_word' id='word_1_258' title='bbox 244 3638 390 3705; x_wconf 75' lang='lat' dir='ltr'><strong>aregethan</strong></span> <span class='ocrx_word' id='word_1_259' title='bbox 410 3639 518 3697; x_wconf 76' lang='lat' dir='ltr'><strong>machi.</strong></span> <span class='ocrx_word' id='word_1_260' title='bbox 553 3637 685 3697; x_wconf 71' lang='lat' dir='ltr'><strong>Dadurch</strong></span> <span class='ocrx_word' id='word_1_261' title='bbox 704 3641 828 3692; x_wconf 87' lang='lat' dir='ltr'><strong>erhalten</strong></span> <span class='ocrx_word' id='word_1_262' title='bbox 847 3641 915 3690; x_wconf 82' lang='lat' dir='ltr'><strong>viole</strong></span> <span class='ocrx_word' id='word_1_263' title='bbox 928 3639 1046 3702; x_wconf 85' lang='lat' dir='ltr'><strong>Stellen,</strong></span> <span class='ocrx_word' id='word_1_264' title='bbox 1065 3635 1204 3690; x_wconf 80' lang='lat' dir='ltr'><strong>indecere</strong></span> 
     </span>
     <span class='ocr_line' id='line_1_35' title="bbox 168 3720 1205 3791; baseline -0.002 -18"><span class='ocrx_word' id='word_1_265' title='bbox 168 3736 248 3773; x_wconf 74' lang='lat' dir='ltr'><strong>sonat</strong></span> <span class='ocrx_word' id='word_1_266' title='bbox 266 3727 390 3791; x_wconf 80' lang='lat' dir='ltr'><strong>resipere</strong></span> <span class='ocrx_word' id='word_1_267' title='bbox 409 3721 497 3775; x_wconf 83' lang='lat' dir='ltr'><strong>durch</strong></span> <span class='ocrx_word' id='word_1_268' title='bbox 515 3723 564 3776; x_wconf 83' lang='lat' dir='ltr'><strong>dae</strong></span> <span class='ocrx_word' id='word_1_269' title='bbox 583 3722 709 3775; x_wconf 67' lang='lat' dir='ltr'><strong>einbache</strong></span> <span class='ocrx_word' id='word_1_270' title='bbox 728 3742 829 3791; x_wconf 81' lang='lat' dir='ltr'><strong>capere</strong></span> <span class='ocrx_word' id='word_1_271' title='bbox 846 3726 948 3776; x_wconf 82' lang='lat' dir='ltr'><strong>erkllirt</strong></span> <span class='ocrx_word' id='word_1_272' title='bbox 966 3720 1052 3787; x_wconf 81' lang='lat' dir='ltr'><strong>wird,</strong></span> <span class='ocrx_word' id='word_1_273' title='bbox 1077 3725 1136 3772; x_wconf 85' lang='lat' dir='ltr'><strong>eine</strong></span> <span class='ocrx_word' id='word_1_274' title='bbox 1155 3737 1205 3787; x_wconf 82' lang='lat' dir='ltr'><strong>ge-</strong></span> 
     </span>
     <span class='ocr_line' id='line_1_36' title="bbox 168 3804 1206 3877; baseline -0.001 -20"><span class='ocrx_word' id='word_1_275' title='bbox 168 3823 272 3858; x_wconf 82' lang='lat' dir='ltr'><strong>naueee</strong></span> <span class='ocrx_word' id='word_1_276' title='bbox 290 3808 505 3860; x_wconf 85' lang='lat' dir='ltr'><strong>Bestimmtbeit.</strong></span> <span class='ocrx_word' id='word_1_277' title='bbox 541 3808 577 3860; x_wconf 85' lang='lat' dir='ltr'><strong>So</strong></span> <span class='ocrx_word' id='word_1_278' title='bbox 603 3807 667 3859; x_wconf 81' lang='lat' dir='ltr'><strong>sind</strong></span> <span class='ocrx_word' id='word_1_279' title='bbox 691 3807 736 3860; x_wconf 89' lang='lat' dir='ltr'><strong>die</strong></span> <span class='ocrx_word' id='word_1_280' title='bbox 757 3813 873 3860; x_wconf 84' lang='lat' dir='ltr'><strong>meisten</strong></span> <span class='ocrx_word' id='word_1_281' title='bbox 891 3807 1034 3877; x_wconf 76' lang='lat' dir='ltr'><strong>beyspiele</strong></span> <span class='ocrx_word' id='word_1_282' title='bbox 1055 3824 1090 3856; x_wconf 84' lang='grc' dir='ltr'><strong>ιιι</strong></span> <span class='ocrx_word' id='word_1_283' title='bbox 1111 3804 1206 3856; x_wconf 67' lang='lat' dir='ltr'><strong>erkle·</strong></span> 
     </span>
     <span class='ocr_line' id='line_1_37' title="bbox 171 3889 1207 3966; baseline -0.002 -23"><span class='ocrx_word' id='word_1_284' title='bbox 171 3906 239 3960; x_wconf 82' lang='lat' dir='ltr'><strong>ren,</strong></span> <span class='ocrx_word' id='word_1_285' title='bbox 254 3889 359 3946; x_wconf 77' lang='lat' dir='ltr'><strong>welche</strong></span> <span class='ocrx_word' id='word_1_286' title='bbox 370 3891 558 3966; x_wconf 71' lang='lat' dir='ltr'><strong>dieAuelegor</strong></span> <span class='ocrx_word' id='word_1_287' title='bbox 570 3893 716 3947; x_wconf 72' lang='lat' dir='ltr'><strong>rnLiviue</strong></span> <span class='ocrx_word' id='word_1_288' title='bbox 729 3893 863 3963; x_wconf 75' lang='lat' dir='ltr'><strong>xxxix,</strong></span> <span class='ocrx_word' id='word_1_289' title='bbox 875 3901 918 3958; x_wconf 73' lang='lat'><strong>25.</strong></span> <span class='ocrx_word' id='word_1_290' title='bbox 931 3889 1096 3960; x_wconf 76' lang='lat' dir='ltr'><strong>gesammelt</strong></span> <span class='ocrx_word' id='word_1_291' title='bbox 1105 3889 1207 3942; x_wconf 77' lang='lat' dir='ltr'><strong>habco</strong></span> 
     </span>
    </p>
   </div>
   <div class='ocr_carea' id='block_1_9' title="bbox 876 4010 1004 4053">
    <p class='ocr_par' dir='ltr' id='par_1_13' title="bbox 876 4010 1004 4053">
     <span class='ocr_line' id='line_1_38' title="bbox 876 4010 1004 4053; baseline 0.034 -3"><span class='ocrx_word' id='word_1_292' title='bbox 876 4022 911 4050; x_wconf 61' lang='lat' dir='ltr'><strong>n·</strong></span> <span class='ocrx_word' id='word_1_293' title='bbox 938 4010 1004 4053; x_wconf 49' lang='grc' dir='ltr'><strong>,Μ’</strong></span> 
     </span>
    </p>
   </div>
   <div class='ocr_carea' id='block_1_10' title="bbox 0 0 1284 4394">
    <p class='ocr_par' dir='ltr' id='par_1_14' title="bbox 0 0 1284 4394">
     <span class='ocr_line' id='line_1_39' title="bbox 0 0 1284 4394; baseline 0 0"><span class='ocrx_word' id='word_1_294' title='bbox 0 0 1284 4394; x_wconf 95' lang='lat' dir='ltr'><strong> </strong></span> 
     </span>
    </p>
   </div>
  </div>
 </body>
</html>
