2526 4394
256 208 370 277 XXV.
391 211 429 272 Τ.
450 205 640 292 Pomponius
658 207 792 270 Atticus.
832 186 907 289 cap.
926 207 996 270 XI.
1082 198 1143 286 379

177 381 277 440 quam
299 374 338 421 ut
358 359 527 440 plurimis,
552 359 674 439 quibus
693 361 790 420 rebus
808 367 931 439 posset,
953 368 1034 419 esset
1052 354 1145 441 auxi·

173 463 233 525 lio.
274 464 391 550 Quum
406 458 600 544 proscriptos
619 462 759 543 praemiis
773 461 1006 543 imperatorum
1021 461 1143 541 vulgus

172 568 395 647 conquireret,
427 568 527 628 nemo
545 567 594 629 'in
618 564 760 646 Epirum
786 564 896 637 venit,
925 565 980 625 cui
999 583 1048 624 res
1070 563 1142 633 ulla

172 670 332 732 defuerit:
360 665 495 731 nemini
519 666 597 730 no'n'
616 663 668 729 'ibt
695 681 852 750 perpetuo
872 666 1034 729 manendi
1058 679 1145 748 pote·
1169 731 1174 737 ,

59 783 61 786 ’
113 791 143 841 2·
171 791 233 837 stas
251 775 334 836 lacta
354 787 412 834 est.
454 773 640 859 Quietiam
657 771 899 853 postproalium
915 770 1143 850 Philippense,

171 878 412 956 interitumque
434 877 470 940 C.
489 876 593 940 Cassii
613 889 645 937 et
664 878 714 939 M.
733 872 844 950 Bruti,
865 875 904 934 L.
920 873 1053 956 Julium
1072 875 1144 934 Mo·

171 982 284 1043 sillam
312 972 516 1062 praetorium,
538 996 572 1043 et
596 981 816 1062 ejusiilium,
839 980 1039 1058 Aulumque
1062 978 1143 1038 Tor·

171 1099 328 1164 quatum,
349 1098 539 1164 ceterosque
558 1085 629 1167 pari
645 1084 777 1145 fortuna
794 1084 975 1164 perculsos,
996 1080 1144 1143 institue·
1232 1163 1235 1175 y

171 1188 214 1249 rit
237 1189 337 1264 tueri,
364 1205 464 1270 atque
483 1210 528 1276 ex
547 1187 651 1270 Epiro
664 1188 726 1263 „his
752 1186 866 1248 omnia
888 1185 1142 1248 Samothraciam

112 1290 142 1353 3.
169 1293 352 1374 supportari
366 1289 510 1374 jusserit.
548 1289 700 1354 Difficile
723 1302 770 1354 est
789 1289 903 1350 omnia
923 1289 1092 1370 persequi,
1113 1302 1146 1351 et
1169 1371 1173 1381 .

170 1419 241 1460 nou
268 1399 501 1460 necessarium.
543 1397 637 1459 lllud
661 1414 771 1457 unum
795 1390 940 1478 intelligi
967 1394 1143 1458 volumus,

112 1605 181 1667 pere
200 1588 257 1642 uud
276 1595 445 1658 immergere
462 1590 545 1643 rerba
563 1593 654 1642 activa
673 1587 750 1651 sind,
778 1603 809 1639 so
826 1585 896 1640 uird
913 1583 984 1638 doch
1003 1600 1145 1652 emergere

111 1675 287 1744 geuiihulich
306 1674 347 1728 als
366 1676 504 1728 Neutrum
522 1687 638 1742 gesetzt.
673 1673 741 1724 Hier
766 1671 840 1724 steht
866 1687 910 1734 es,
936 1674 990 1724 wia
1007 1669 1056 1722 das
1074 1671 1145 1723 Pro·

110 1776 212 1814 nomen
236 1778 266 1812 se
289 1763 375 1828 aeigt,
400 1759 441 1812 als
460 1759 583 1812 Verbum
608 1761 740 1811 activum,
777 1755 856 1810 Auch
873 1756 926 1827 hey
943 1755 1043 1808 Cicero
1060 1753 1146 1808 finder‘

112 1861 141 1896 es
160 1845 282 1896 sichela
300 1845 380 1897 Mahl
395 1858 445 1910 so,
472 1841 623 1896 besorrdsrs
648 1842 714 1896 aber
737 1842 790 1911 hey
807 1841 954 1894 Dichtarn.
990 1840 1084 1908 Gegsu
1099 1837 1144 1892 die

100 1927 239 1981 'Eshthsit
257 1927 307 1979 der
323 1929 521 1980 Constructiorr
539 1927 605 1980 l'a‘lst
623 1926 682 1978 sich
701 1924 761 1977 also
778 1926 870 1978 nichts
890 1924 1060 1977 sinuendetr.
1093 1926 1145 1978 ln-

109 2008 169 2063 dess
196 2009 291 2078 gelatur
314 2014 369 2061 mir·
394 2010 465 2063 doeh
490 2011 534 2063 die
552 2010 747 2082 Vepmuthuug
775 2028 829 2063 von
853 2010 943 2063 Erasi
966 2007 1043 2060 nicht
1062 2009 1142 2077 ubet,

112 2094 224 2164 Quibus
249 2111 284 2143 ea
309 2094 394 2145 malis
413 2103 445 2144 at
470 2100 528 2162 ipse
552 2104 723 2160 emerserat,
749 2093 897 2147 basouders
915 2099 945 2146 in
963 2091 1077 2147 Absicht
1095 2092 1145 2144 auf

112 2179 166 2230 den
185 2177 356 2244 Gegeusata,
384 2185 417 2226 ut
431 2179 564 2245 plurimis
582 2188 654 2228 esset
672 2181 795 2231 auxilio.
830 2181 883 2232 Die
899 2176 1062 2245 Bedeutung
1080 2190 1144 2231 eut·

111 2260 222 2314 wickelt
240 2261 419 2314 Iiulurlrenius
437 2279 471 2312 zu
489 2261 604 2315 Terent.
622 2263 714 2316 Andr.
732 2263 792 2328 Ill,
813 2284 877 2328 arr,
894 2273 939 2329 3⁰·
966 2255 1142 2330 ¹,Emergsr'e

111 2351 221 2416 proprie
245 2343 392 2408 dicuntur,
421 2349 469 2414 qui
498 2363 570 2414 aqua
596 2351 681 2400 mersi
704 2348 826 2401 aluerant
851 2363 878 2402 et
902 2346 1037 2413 evadunt,
1069 2346 1142 2401 unda

112 2429 234 2500 pulchrae
258 2443 414 2480 nascuntur
438 2431 650 2496 translationes,
680 2449 706 2486 r.
724 2449 748 2484 o.
766 2432 800 2484 da
818 2450 866 2498 eo,
893 2437 941 2502 qui
965 2451 999 2484 ex
1023 2433 1142 2486 obscuro

111 2513 176 2567 loco
194 2512 229 2566 sd
247 2513 429 2566 illustriorem
446 2515 585 2585 adspirat,
602 2531 651 2570 aut
664 2535 697 2568 ex
710 2516 818 2570 infelice
833 2514 863 2569 lit
877 2516 961 2584 felix,
978 2532 1026 2573 ast
1044 2536 1060 2573 s
1080 2524 1142 2572 tiras

111 2603 248 2671 pravitate
266 2614 294 2651 sa
313 2603 410 2670 recipit
429 2601 464 2652 ad
481 2599 583 2652 honam
600 2601 748 2672 frugem.”

195 2723 322 2788 praemt'is
339 2697 556 2788 imperatorum]
592 2721 648 2774 Dar
662 2721 808 2774 Ahlstivus
825 2721 872 2775 fur
889 2708 942 2776 aeri
957 2721 1139 2781 Aecusstlvus

112 2806 165 2879 suit
187 2804 235 2858 der
251 2803 431 2874 Praepositiou
452 2813 580 2870 propter.
615 2806 693 2860 Eheu
717 2823 748 2857 so
773 2821 841 2860 serat
865 2806 915 2860 dar
932 2807 1050 2859 Grieohe
1067 2810 1139 2863 suth

84 2908 87 2917 ’
112 2891 166 2944 deo
183 2896 301 2963 Derisus
320 2909 386 2949 ststt
403 2879 449 2948 irai
467 2899 517 2949 mit
537 2895 600 2949 dam
617 2899 810 2951 Accusativus.
834 2895 908 2964 ²Vgl.
924 2896 1021 2957 Conon
1035 2899 1093 2965 111,
1113 2892 1139 2956 ι.

148 3045 176 3080 a.
206 3031 262 3096 Qui
278 3037 367 3084 etiam
384 3067 411 3079 -
430 3039 609 3105 instituerit]
656 3037 747 3090 Ueber
763 3035 812 3088 das
830 3033 988 3086 Relativum
1006 3041 1057 3090 mit
1074 3036 1137 3095 deor

112 3111 311 3180 Coniunctivus
329 3118 385 3183 vgl.
402 3121 530 3175 Hannib,
549 3120 579 3184 1,
597 3131 625 3186 5.
660 3123 713 3174 Dia
730 3122 825 3173 Lessrt
841 3118 940 3172 bedorf
955 3121 1051 3174 keiner
1062 3125 1140 3176 Aen-

113 3194 229 3262 deroog.
265 3198 341 3266 Quin
359 3205 395 3253 ist
412 3207 442 3254 in
461 3208 535 3256 einer
550 3203 729 3257 Haudschrit't
745 3209 791 3256 eiu
807 3203 912 3257 hlolssr
926 3204 1137 3262 schreihfehler.

102 3279 139 3335 ,V
140 3277 188 3348 310,
198 3284 225 3345 ς.
237 3287 263 3347 4.
298 3282 455 3338 Instituere
471 3287 542 3341 habe
559 3288 604 3340 ioh
622 3287 674 3359 hey
692 3288 786 3343 Aleta.
804 3290 844 3355 V,
861 3306 888 3343 a.
905 3290 1018 3343 erklart.

197 3398 428 3453 Samothraciam
447 3404 633 3475 supportari]
676 3405 766 3458 Ueber
788 3403 841 3459 den
862 3406 1042 3460 aecusativus
1064 3409 1137 3465 ohne

110 3483 292 3557 Praeposition
315 3485 389 3536 siehs
407 3504 440 3537 zu
458 3490 540 3542 Mili.
560 3488 588 3554 1,
608 3500 634 3556 4.
675 3492 847 3560 Supportari
868 3493 941 3545 steht
964 3491 1073 3546 einfsoh
1090 3494 1138 3547 fise

112 3574 264 3637 apportari.
300 3566 397 3620 Caesar
420 3570 454 3620 de
474 3573 510 3624 B.
531 3574 608 3626 Gall.
628 3576 658 3642 1,
674 3583 721 3641 58.
751 3593 810 3628 rem
825 3573 1074 3647 frumentariam,
1102 3588 1161 3631 ut·

110 3655 185 3703 satis
202 3649 346 3703 commode
361 3661 528 3723 supportari
544 3667 657 3724 posset,
676 3665 777 3712 timere
793 3659 938 3718 dicebaut.
961 3679 986 3716 o.
996 3669 1042 3732 48.
1058 3680 1137 3717 eom·

111 3741 224 3802 meatu,
243 3741 292 3805 qui
309 3754 344 3788 ea
363 3738 502 3809 Sequanis
522 3750 552 3795 et
571 3741 681 3796 Aeduis
698 3753 927 3813 supportaretur.
965 3760 968 3767 ⁴

145 3880 173 3937 3·
200 3872 339 3946 Difficile
352 3885 396 3932 est
411 3883 508 3934 amaia
523 3885 670 3955 persequi,
685 3891 714 3938 et
729 3901 788 3938 roa
804 3868 1007 3959 neeessariam]
1040 3886 1138 3958 Enim,
1185 3874 1188 3881 ¹
