2526 4394
322 198 444 268 XXV.
466 203 503 265 T.
524 198 714 283 Pomponius
731 198 865 263 Atticus.
903 196 981 282 dap.
998 196 1043 265 X·
1080 260 1082 264 .
1142 181 1200 279 377

585 354 695 427 Car.
742 353 788 425 X.

179 507 208 555 a·
237 491 403 557 Conversa
419 467 527 558 subito
544 492 677 556 fortuna
698 507 755 555 est.
794 493 844 555 Ut
857 490 1030 561 Antonius
1047 489 1153 553 rediit*
1164 489 1205 552 in

149 664 152 669 ,
238 597 387 675 Italiam,
417 619 518 660 nemo
544 618 613 659 non
641 613 762 678 magno
789 594 852 672 [in]
881 595 1027 676 periculo
1048 589 1202 657 Atticum
1248 637 1249 640 ,

236 697 387 762 futurum
401 715 548 783 putarat,
566 713 696 784 propter
713 697 866 763 intimam
880 697 1134 760 familiaritatem
1153 695 1204 757 Gi·

178 818 207 869 2
237 804 364 865 ceronis
382 820 415 865 et
430 804 537 866 Bruti.
576 805 695 899 Itaque
711 802 752 863 ad
769 799 979 864 adventum
969 812 1203 881 imperatorum

235 907 277 969 de
299 907 371 969 foro
394 908 589 984 decesserat,
616 907 737 969 timens
757 902 1045 988 proscriptionem,
1075 902 1206 963 latebat·

236 1031 303 1088 que
313 1011 401 1092 apud
412 1011 453 1072 P.
459 1010 702 1084 Volumnium,
717 1009 788 1082 cui,
805 1021 844 1069 ut
856 1006 1077 1077 ostendimur,
1091 1006 1205 1087 paullo

235 1132 312 1173 ante
338 1133 435 1194 opem
464 1104 613 1177 tuleratz¹
636 1115 746 1196 (tanta
771 1112 908 1175 varietas
936 1109 977 1171 iis
1004 1110 1206 1192 temporibus

238 1214 305 1277 fuit
322 1214 478 1293 fortunae,
499 1231 538 1280 ut
557 1217 660 1279 modo
679 1215 733 1291 hi,
759 1215 861 1277 modo
882 1211 989 1275 illi'in
1009 1233 1142 1275 summo
1164 1231 1208 1275 es-

237 1337 311 1383 sent
327 1337 383 1383 aut
400 1298 528 1404 fastigio
544 1333 603 1382 aut
618 1316 788 1403 periculo)
809 1319 1016 1398 habebatque
1032 1336 1143 1379 eccum
1163 1317 1209 1405 Q.

175 1425 208 1488 3.
239 1424 388 1486 Gellium
400 1426 548 1499 Canum,
565 1427 726 1507 aqualem
738 1422 1020 1503 simillimumque
1035 1420 1099 1498 sui.
1131 1420 1209 1482 Hoc

151 1548 153 1551 ’
239 1549 376 1610 quoque
399 1530 441 1594 sit
465 1530 573 1593 Attici
596 1529 753 1594 bonitatis
776 1528 985 1609 exemplum,
1017 1527 1109 1608 quod
1131 1545 1209 1588 oum

240 1654 297 1708 eo,
325 1654 426 1713 quem
450 1654 591 1715 puerum
619 1633 655 1696 in
685 1633 768 1695 ludo
795 1620 1008 1714 cognoverat,
1035 1629 1116 1695 adeo
1136 1632 1211 1693 c'on·

233 1737 348 1818 juncte
369 1737 475 1813 vixit,
499 1747 538 1799 ut
566 1738 607 1800 ad
635 1748 817 1800 extremam
839 1748 965 1799 aetatem
990 1730 1134 1797 amicitia
1159 1754 1211 1798 eo·

176 1856 206 1920 4.
234 1859 309 1900 rum
336 1841 483 1902 creverit.
530 1840 706 1905 Antonius
730 1854 841 1902 autem
865 1840 923 1902 etsi
951 1853 1040 1903 tanto
1063 1839 1145 1900 odio
1165 1838 1210 1902 fe·

237 1944 367 2007 rebatur
387 1943 424 2004 in
446 1943 657 2024 Ciceronem,
677 1959 804 2006 utnon
825 1944 936 2003 solum
956 1943 1003 2016 ei,
1026 1944 1082 2004 sed
1103 1946 1212 2008 omni·

235 2046 299 2105 bus
320 2044 506 2130 etiamejus
527 2047 641 2109 amicis
657 2062 743 2110 esset
764 2045 938 2120 inimicus,
964 2064 1086 2126 eosque
1108 2051 1210 2112 vellet

238 2148 451 2227 proscribere:
471 2150 588 2211 multis
606 2151 815 2212 hortantibus
831 2164 943 2214 tamen
961 2149 1069 2213 Attici
1084 2172 1211 2214 memor

178 2325 225 2374 ein
235 2321 340 2385 Manu,
357 2320 406 2373 der
423 2324 495 2376 nach
514 2324 819 2380 eeinenGrundt'aitren
836 2306 965 2392 herdolt,
982 2325 1211 2395 unbektmmem

180 2423 238 2458 was
257 2407 360 2475 andere
375 2407 466 2460 davon
484 2408 577 2463 halten
594 2411 715 2466 werden.
748 2413 806 2465 Par
823 2418 881 2473 est,
898 2414 1000 2463 uicini
1010 2411 1209 2466 Griscbirchen

182 2487 255 2546 ἔικός
272 2489 335 2554 ter,
354 2493 482 2548 bedentet
508 2500 660 2565 convenit,
684 2496 803 2565 dignum
830 2504 894 2557 est,·
932 2515 961 2548 es
984 2503 1023 2551 ist
1041 2498 1210 2557 witichind,

178 2578 349 2647 uastandig.

213 2717 252 2771 X.
273 2737 298 2772 r.
337 2735 443 2787 magno
462 2723 518 2790 [in]
534 2721 674 2790 periculo]
709 2721 870 2790 VgLDion
888 2720 970 2807 ῩΙΠ,
990 2741 1015 2778 a.

212 2855 241 2892 a.
267 2836 301 2888 de
312 2837 387 2910 foro
404 2836 579 2908 decesserat]
614 2840 739 2894 Erbstte
753 2840 812 2895 oieb
824 2818 927 2894 sordet
941 2856 1077 2913 gerogem
1097 2859 1127 2896 er
1139 2816 1206 2914 gire

179 2923 256 2975 nicht
273 2923 357 2975 mehr
372 2939 456 2978 trater
472 2926 518 2979 die
534 2929 629 2980 Lente.

261 3042 361 3107 paullo
381 3052 449 3096 ante
466 3061 546 3114 opem
565 3020 690 3114 tulerat]
724 3045 774 3099 1011
790 3045 934 3111 verbinde,
953 3051 1006 3108 wie
1017 3047 1124 3101 Gesner
1143 3046 1201 3100 nntl

176 3120 350 3190 Heusinger.
376 3129 475 3192 purello
499 3136 568 3180 ante
591 3128 678 3182 lieber
699 3130 751 3182 mit
777 3148 857 3198 opem
881 3133 1006 3196 maletat,
1029 3132 1071 3185 ele
1097 3122 1148 3185 mit
1171 3139 1204 3184 ut

177 3206 363 3271 ostendimus,
381 3210 467 3264 demit
477 3212 527 3265 der
539 3211 661 3267 schnelle
673 3214 897 3269 Greekswechset
908 3214 1094 3284 ansgedrfickt
1105 3215 1207 3270 werde.

212 3333 240 3389 5.
268 3324 408 3379 bonitatis
423 3331 595 3400 exemplum]
631 3333 701 3386 Eine
720 3330 849 3386 iihnlicbe
867 3331 951 3385 Stelle
969 3307 1018 3386 bat¹
1037 3334 1135 3389 Cicero
1152 3327 1208 3402 pro

176 3407 289 3464 stratu
309 3419 385 3474 55.
410 3412 466 3463 Sed
481 3421 570 3467 etiam
591 3417 722 3470 koenon
737 3419 829 3468 solum
848 3421 960 3484 ingenia·
976 3437 1012 3470 ae
1027 3418 1211 3485 litterarum,

128 3531 130 3533 -
176 3509 291 3544 verum
304 3499 391 3545 etiam
417 3506 531 3550 natrtroe
557 3508 644 3568 atque
669 3505 807 3568 virtutis,
834 3509 869 3554 ut
890 3500 1006 3567 domuc,
1033 3522 1095 3572 qum
1121 3501 1215 3571 ltrcjue

177 3577 377 3630 adolescentia
401 3585 498 3650 prima
520 3582 646 3655 fuerat,
674 3586 774 3640 eadem
802 3594 878 3642 esset
897 3585 1141 3660 famidiarr‘ssima
1164 3607 1211 3642 te·

178 3668 301 3717 nectretr'.

171 3787 240 3923 κ4.
259 3782 644 3919 ltvrrntoodioserebaturio
661 3787 844 3860 Ciceronem]
876 3791 1040 3864 Vergieiohe
1057 3811 1089 3846 au
1112 3793 1211 3847 Data·

196 3881 241 3916 res
305 3879 347 3934 ‚5
