2526 4394
105 237 145 302 94
377 188 462 285 Ἦ.
482 221 647 309 Lysander.
663 224 671 250 ⁸
688 219 765 303 Gap.
785 212 873 285 ΙΙῘ.

170 396 319 459 stitutam
338 398 556 458 sustulerunt.
590 389 670 482 Quo
686 397 799 458 dolore
814 396 971 458 incensus
985 387 1064 462 iniit
1078 407 1153 460 con·-

71 552 86 578 ,
168 501 260 576 cilia,
281 522 369 583 reges
384 492 715 562 Lacedaemoniorum
736 502 860 562 tollere.
901 502 964 562 Sed
981 503 1153 576 sentiebat,

170 606 206 668 id
228 625 262 667 se
286 605 359 667 sine
380 624 442 686 ope
471 592 612 666 deorum
640 603 744 668 iacere
767 614 837 666 tion
856 624 960 687 posse,
982 609 1074 685 quod
1092 609 1153 668 La.
1231 604 1232 607 ’

173 710 370 772 cedaemonii
395 708 510 770 omnia
531 711 572 770 ad
598 699 874 772 oracula'referre
900 720 1153 775 consueverant.

111 834 139 884 2.
166 814 323 877 Primum
352 813 508 895 Delphos
531 835 739 897 corrumpere
771 831 819 878 est
842 813 989 877 conatus.
1000 815 1151 935 Quum

167 918 203 980 id
222 938 293 979 non
312 919 485 1000 potuisset,
504 918 689 982 Dodonam
707 922 841 983 adortus
859 933 918 981 est
959 900 1053 981 Hrirc
1070 940 1150 998 quo·

172 1042 239 1101 que
271 1024 422 1104 repulsus
455 1024 542 1085 dixit
571 1043 606 1085 se
634 1038 713 1088 vota
743 1024 938 1106 suscepisse,
968 1043 1041 1104 quae
1070 1023 1152 1084 lovi

169 1126 360 1189 Hammoni
395 1129 557 1191 solveret:
587 1115 799 1203 existimans,
831 1122 870 1191 se¹
893 1128 995 1200 Afros
1022 1127 1153 1207 facilius

109 1232 138 1293 3·
172 1247 418 1314 corrupturum.
467 1233 544 1295 Hac
575 1254 632 1316 spe
655 1227 774 1316 ¹quum
809 1235 973 1318 profectus
1006 1248 1086 1294 esset
1117 1231 1154 1292 in

170 1336 340 1411 Africam,
368 1338 520 1412 multum
545 1359 625 1401 eum
651 1342 812 1403 antistites
831 1343 927 1403 Jovis
953 1338 1155 1400 fefellerunt.

106 1455 108 1458 ’
172 1442 262 1502 Nam
277 1463 347 1502 uon
365 1433 475 1527 solum
493 1444 661 1522 corrumpi
677 1465 746 1504 non
765 1459 958 1524 potuerunt,
981 1445 1038 1502 sed
1056 1443 1158 1503 etiam

169 1547 294 1628 legatos
317 1547 556 1607 Lacedaemona
581 1543 777 1617 miserunt‚'·
794 1548 853 1623 qui
875 1547 1086 1625 Lysandrum
1108 1565 1157 1604 ac·

172 1664 340 1725 cusatent,
373 1651 466 1729 quod
489 1650 669 1709 sacerdotes
692 1647 763 1708 fani
785 1668 993 1731 corrumpere
1017 1663 1156 1708 conatus

109 1767 142 1836 ’4.
174 1767 267 1817 esset.
317 1753 503 1832 Accusatus
540 1753 605 1813 hoc
642 1752 803 1828 crimine,
834 1753 992 1834 judicum
1026 1754 1156 1814 absolu·
1232 1749 1234 1752 ’

111 1955 207 2009 F'a‘iien
228 1940 298 2022 soli¹
315 1954 387 2009 uach
406 1952 459 2006 den
479 1952 852 2032 Handschriftengegebem
874 1965 930 2008 nui
947 1965 1031 2008 sunm
1050 1958 1155 2013 schiols

111 2040 173 2107 ich,
200 2041 241 2093 als
266 2042 386 2105 unecht‚
411 2047 441 2092 in
462 2040 561 2092 Haken
587 2045 643 2094 ein.
680 2039 866 2095 Gewiihulieh
890 2041 975 2094 findet
1000 2044 1059 2095 sich
1085 2047 1159 2096 aust-h

114 2131 161 2177 seii
178 2125 250 2178 nath
265 2130 469 2196 potestatem
462 2143 492 2178 ιιι
510 2125 564 2179 den
579 2126 744 2226 Ausgahen‚
763 2127 830 2180 aber
846 2128 951 2180 nicht
943 2147 973 2182 m
990 2126 1045 2181 den
1058 2128 1161 2183 liund-

114 2210 258 2268 schriftcn.
994 2233 996 2236 ·

208 2371 262 2421 qno
281 2351 379 2416 dolore
397 2356 540 2420 incensus]
576 2353 670 2406 Dolor
687 2321 724 2405 isi
741 2350 803 2405 hie'r
819 2355 998 2421 Krd'nlqung,
1016 2353 1081 2420 das,
1100 2375 1159 2410 was

33 2438 36 2442 ’
114 2437 297 2501 ὃοὶιιιιειιειι,
316 2438 496 2507 Erbitterung
516 2437 688 2491 vsrurssehc.
722 2439 841 2492 Sacros.
860 2440 923 2492 Tss.
942 2450 988 2504 52.
1006 2447 1090 2511 qnasi
1107 2442 1161 2493 ob-

90 2555 91 2559 =
114 2524 253 2591 litterata
266 2521 337 2592 jam
356 2521 464 2574 doloris
482 2527 630 2577 ntemorin.

203 2667 272 2714 iniit
290 2664 412 2714 consilia
430 2681 512 2730 reges
529 2658 811 2718 Lacedaemoniornin
835 2667 955 2735 tollere]
1000 2666 1161 2736 Eigentlich

116 2744 199 2800 solite
218 2749 258 2799 cs
266 2764 333 2818 scyri
353 2748 408 2797 toll
409 2747 473 2797 end
477 2749 603 2801 .Denn
621 2767 650 2801 es
668 2752 753 2819 hiingt
771 2769 827 2802 von
846 2754 1028 2806 consiliatis.
1063 2754 1159 2805 Iudeis

115 2833 288 2885 heobarirtsn
301 2832 372 2883 auch
386 2832 430 2883 die
442 2833 538 2884 besten'
552 2821 751 2888 Schriftsteller
767 2838 870 2890 nicht.
861 2856 962 2890 rmmer
976 2837 1050 2890 disse
1062 2852 1160 2906 gram-

117 2917 366 2986 matisrheiiegei.
409 2919 522 2983 Agesil.
541 2917 604 2983 ΙΙΙ,
622 2929 648 2986 4.
691 2921 801 2972 Cicero
810 2941 864 2989 pro
888 2925 918 2976 P.
945 2925 1045 2993 Quint.
1070 2941 1094 2974 c.
1117 2921 1161 2977 16.

117 3003 166 3055 iia.
186 3014 215 3055 te
235 3009 313 3055 consi
316 3007 385 3054 liram
405 3008 524 3072 cepisse,
549 3005 672 3056 hominis
685 3011 841 3076 propinqui
854 3009 1004 3080 fortunas
1014 3007 1164 3081 funditus

119 3099 256 3181 assatus.
292 3091 362 3143 Man
382 3090 438 3158 vgl.
459 3091 550 3142 Herm
568 3091 681 3143 Gerena
701 3109 736 3142 ιιι
755 3092 855 3144 Cicero
873 3094 988 3148 Acadd.
1008 3094 1053 3161 11,
1071 3095 1099 3148 6.

208 3234 306 3280 omnia
326 3227 367 3279 ad
382 3230 504 3281 oracula
523 3229 653 3300 referre]
689 3230 812 3301 Referre
838 3233 950 3301 aliquid
974 3234 1016 3286 ad
1039 3236 1166 3306 aliquem
1210 3254 1214 3267 ¹

75 3346 78 3353 ·
122 3329 207 3367 etwas
227 3334 262 3366 su
281 3313 392 3382 jornand
412 3320 623 3381 recessissemus
643 3317 701 3368 ihm
721 3335 772 3368 zur
786 3319 990 3389 Beurtheilung
1008 3319 1075 3373 oder
1093 3324 1168 3374 Ent-
1196 3349 1199 3358 ·

123 3399 274 3468 scheidung
301 3399 441 3466 voriegen.
493 3402 592 3465 Cicero
616 3400 651 3451 de
675 3403 814 3455 Divr'nat.
841 3402 870 3469 l,
895 3415 941 3470 54.
968 3404 1003 3456 de
1026 3407 1111 3459 rebus
1136 3415 1166 3460 at

121 3485 249 3537 obscuris
268 3494 297 3536 et
316 3486 436 3537 incertis
454 3484 494 3535 nd
511 3487 675 3554 Apollinem
694 3505 793 3538 censeo
812 3488 1010 3561 referendum.

78 3660 83 3675 .
156 3644 183 3677 a.
208 3623 346 3691 Delplros]
383 3625 436 3676 Die
454 3624 534 3680 Stadt
560 3625 632 3678 steht
656 3627 718 3679 hier
742 3626 789 3679 iiic
813 3627 862 3682 das
889 3632 1011 3697 oraru,
1036 3634 1103 3688 oder
1121 3633 1178 3689 dic.

124 3711 245 3765 Priester
263 3710 311 3762 des
329 3710 468 3782 Tempsis.
504 3711 583 3764 Eben
602 3729 633 3765 so
652 3714 752 3783 genade
770 3717 894 3769 nschhsr
911 3719 1049 3773 Dodona.

159 3863 175 3917 5
204 3855 354 3904 antistites
371 3848 472 3924 iovis]
507 3851 620 3913 Oefsecs
638 3853 724 3909 findet
745 3856 805 3909 sich
824 3863 949 3912 antistes
966 3873 1037 3930 ganz
1056 3858 1170 3914 siuiech

117 3936 167 4021 {eir
181 3938 329 3995 sacerdos·
