2526 4394
99 250 138 302 20
162 246 189 297 ,·
222 268 224 272 ,
343 231 385 315 1.,Ι
399 227 570 292 Miltiades.
609 222 686 312 cap.
707 224 794 288 111.
814 225 885 288 ιν.

96 383 126 444 c.
155 379 342 443 confirmari
363 399 501 462 regnum
521 377 707 439 Persarum.
740 372 857 454 Hujus
875 387 1133 457 quumsenten·

155 487 236 548 tiam
257 483 396 567 plurimi
420 464 526 545 essent
549 479 663 554 secuti,
684 477 854 540 Miltiades
877 498 947 538 non
967 477 1132 553 dubitans,

154 601 222 649 tam
243 586 358 648 multis
377 584 515 655 consciis
534 585 574 645 ad
595 583 697 665 Regis
716 601 809 643 aures
829 580 968 642 consilia
988 599 1047 641 sua
1064 602 1132 663 per·

154 704 313 763 ventura,
342 688 584 751 Chersonesum
610 685 748 766 reliquit
777 705 814 746 ac
841 683 1133 767 rursusyAthenas

153 791 361 875 demigravit.
410 791 514 872 Cujus
547 790 630 852 ratio
665 791 725 852 etsi
760 808 831 879 non
863 787 1132 862 valuitstamen

152 913 353 981 magnopere
373 909 420 955 est
441 894 615 968 laudanda,
636 905 744 974 qu‘um
764 890 901 954 amicior
916 891 1074 958 omnium
1094 892 1132 954 li·

151 997 285 1075 bertati,
306 1018 414 1078 quam·
429 1014 495 1059 suae
514 995 616 1058 fuerit
636 981 873 1061 dominationi.

509 1206 619 1277 Cas.
653 1207 716 1280 IV.

27 1361 28 1365 ’
90 1372 124 1427 ἰ,
152 1348 279 1413 Darius
309 1359 419 1410 autem
448 1366 628 1434 quum-ex
654 1348 791 1432 Europa
818 1350 855 1413 in
886 1349 1006 1413 Asiam
1032 1349 1130 1412 redis

156 1466 222 1527 set,
252 1448 460 1512 hortantibus
486 1449 620 1528 amicis,
648 1467 687 1515 ut
717 1453 876 1515 Graeciam
908 1454 1068 1536 redigeret
1093 1453 1132 1514 in

140 1544 247 1619 suam
283 1568 494 1638 potestatem,
525 1557 658 1617 classem
694 1553 954 1636 quingentarum
988 1554 1132 1619 navium

76 1680 81 1690 ·
154 1660 373 1743 comparavit,
396 1658 495 1739 eique
517 1657 635 1719 Datim
655 1656 797 1739 praefecit
817 1672 850 1719 et
869 1658 1130 1739 Artaphernem

78 1791 80 1794 ’
153 1761 275 1844 hisque
298 1762 441 1846 ducenta
462 1748 759 1844 peditum,'decem
779 1761 888 1825 millia
905 1763 1060 1844 equitum
1081 1762 1133 1823 de·
1228 1842 1232 1846 .

53 1899 57 1905 -
156 1869 225 1930 dit:
246 1885 391 1927 caussam
407 1865 616 1938 interserens,
636 1884 670 1927 se
687 1865 816 1947 hostem
835 1885 903 1931 esse
920 1866 1136 1933 Atheniensi·

114 1960 117 1966 ’
152 1974 238 2044 bus,
268 1969 361 2049 quod
387 1968 503 2030 eorum
529 1967 658 2032 auxilio
681 1969 923 2035 lonessatdes
949 1988 1133 2056 expugnas·

97 2095 126 2153 a,
154 2087 228 2138 sent
256 2092 384 2153 suaque
417 2073 566 2154 presidia
597 2073 848 2140 interfecissent.
897 2077 958 2139 Illi
992 2075 1134 2158 prefecti

149 2177 263 2260 Regii,
284 2177 383 2239 classe
397 2178 441 2238 ad
456 2176 618 2243 Euboeam
637 2180 783 2261 appulsa,
803 2178 952 2243 celeriter
968 2179 1132 2243 Eretriam

155 2294 330 2362 ceperunt,
361 2301 545 2363 omnesque
569 2283 641 2365 ejus
668 2285 776 2366 gentis
802 2284 892 2348 cives
916 2287 1066 2368 abreptos
1097 2285 1135 2348 iu

156 2382 277 2445 Asiam
299 2383 341 2443 ad
366 2383 492 2467 Regem
519 2387 692 2452 miserunt.
722 2391 819 2453 'Inde
845 2391 888 2454 ad
912 2390 1063 2454 Atticam
1088 2411 1137 2453 ac·

156 2499 341 2559 cesserunt,
373 2508 410 2547 ac
437 2508 510 2550 suas
541 2493 650 2573 copias
681 2493 717 2554 in
746 2496 902 2576 campum
935 2495 1135 2558 Marathona

158 2590 380 2652 deduxerunt.
422 2594 456 2653 ls
478 2597 567 2658 abest
587 2599 627 2657 ab
650 2597 774 2678 oppido
795 2599 922 2661 circiter
941 2598 1050 2661 millia
1069 2615 1138 2678 pas·

134 2781 162 2838 6.
180 2777 294 2848 valuit]
329 2780 470 2835 Otimabis
491 2783 575 2838 heiist
593 2777 703 2852 valere,
720 2786 872 2842 hesonders
889 2799 946 2838 ron
962 2760 1136 2852 Meinungen

100 2867 168 2922 oder
187 2864 309 2928 planen,
327 2865 373 2916 die
396 2867 552 2920 Oberlaand
572 2875 746 2940 geminarem,
763 2871 967 2940 durchgesetat
986 2867 1117 2924 werden.

188 3019 325 3090 amicior]
362 3023 479 3073 Amicos
495 3038 565 3076 etrrtt
580 3042 636 3077 von
651 3023 729 3090 dem,
740 3022 860 3098 nelcher
873 3021 962 3074 durch
974 3004 1135 3077 Wort‘und

100 3107 174 3160 Thac
196 3122 280 3158 etwas
301 3124 335 3155 zu
353 3106 501 3181 besordsrn
520 3110 620 3175 sucht,
646 3110 729 3176 oder,
753 3123 836 3163 wenta
855 3123 884 3160 cs
903 3114 956 3159 mit
977 3106 1137 3180 Beziehung

102 3193 155 3245 aus
167 3195 227 3244 eine
243 3191 347 3243 Person
366 3196 413 3257 ist,
427 3193 473 3244 ittr
489 3193 543 3246 deu
559 3195 669 3248 Numen
685 3193 743 3248 trud
756 3193 805 3247 das
818 3190 911 3247 Wobl
926 3189 1071 3244 derselben
1089 3211 1138 3249 ar.

11 3333 14 3340 ,
101 3277 199 3330 heitar.
234 3276 269 3328 In
293 3291 564 3347 cntgegengesetzter
582 3279 746 3350 Bedeutung
766 3277 859 3332 finden
875 3281 928 3332 rtir
946 3277 1018 3332 such
1037 3283 1137 3334 inimi·

79 3390 82 3393 ·
104 3379 165 3415 cus.
201 3361 288 3416 Paua.
305 3359 367 3427 lll,
384 3374 411 3428 5.
436 3363 558 3416 Eumen.
576 3363 637 3438 v1,·
650 3381 678 3417 a.

136 3515 187 3575 tv.
205 3532 231 3576 a.
259 3514 326 3584 ejus
342 3515 456 3586 gentis]
489 3517 662 3586 Ungeaehtct
677 3478 826 3574 hretrt'am
841 3517 941 3581 vorher
956 3487 1033 3588 ¹ging·
1066 3517 1137 3571 Man

7 3616 20 3673 ἢ
102 3599 210 3653 kounte
234 3615 306 3667 gens
331 3599 402 3654 auch
420 3602 466 3654 sur
481 3603 538 3655 Ort
555 3602 692 3671 nahmen,
717 3610 769 3657 wic
789 3622 817 3657 es
835 3619 905 3658 etna
924 3603 969 3658 htr
988 3606 1069 3672 regio
1087 3616 1137 3669 ge·

6 3676 15 3703 ¹
105 3700 175 3740 astat
196 3685 277 3740 mirri.
313 3687 431 3756 Vgl.'au
446 3688 572 3743 Timoth.
589 3688 635 3756 Π,
656 3709 679 3743 ι.

190 3843 217 3890 t's
234 3840 318 3891 abest
330 3841 367 3890 ab
382 3838 501 3910 oppido]
536 3843 604 3896 Hier
624 3843 739 3906 Athen,
761 3849 815 3898 wie
835 3844 971 3898 Themin.
990 3842 1036 3910 11,
1054 3846 1082 3900 8·
1099 3839 1137 3905 X,

107 3932 136 3993 4.
154 3925 249 3985 Atrtt.
265 3925 325 3994 111,
345 3944 371 3984 a.
390 3926 447 3981 und
465 3934 532 3978 netu
553 3927 691 3984 Themist.
709 3931 757 4001 tv,
778 3949 802 3987 1·
839 3932 918 3986 Doch
937 3927 1091 4000 gebraucht
1110 3921 1153 3977 cs
1248 3982 1252 3987 .
