<?xml version="1.0" encoding="UTF-8"?>
<!DOCTYPE html PUBLIC "-//W3C//DTD XHTML 1.0 Transitional//EN"
    "http://www.w3.org/TR/xhtml1/DTD/xhtml1-transitional.dtd">
<html xmlns="http://www.w3.org/1999/xhtml" xml:lang="en" lang="en">
 <head>
  <title>
</title>
<meta http-equiv="Content-Type" content="text/html;charset=utf-8" />
  <meta name='ocr-system' content='tesseract 3.04.00' />
  <meta name='ocr-capabilities' content='ocr_page ocr_carea ocr_par ocr_line ocrx_word'/>
</head>
<body>
  <div class='ocr_page' id='page_1' title='image "./devitaexcellent01bremgoog/devitaexcellent01bremgoog_0115.png"; bbox 0 0 2526 4394; ppageno 0'>
   <div class='ocr_carea' id='block_1_1' title="bbox 166 178 943 318">
    <p class='ocr_par' dir='ltr' id='par_1_1' title="bbox 166 178 943 318">
     <span class='ocr_line' id='line_1_1' title="bbox 166 178 943 318; baseline -0.009 -11"><span class='ocrx_word' id='word_1_1' title='bbox 166 236 206 318; x_wconf 67' lang='lat'><strong>⁸4</strong></span> <span class='ocrx_word' id='word_1_2' title='bbox 438 232 473 296; x_wconf 84' lang='lat' dir='ltr'><strong><em>V</em></strong></span> <span class='ocrx_word' id='word_1_3' title='bbox 475 277 484 294; x_wconf 92' lang='lat'><strong>.</strong></span> <span class='ocrx_word' id='word_1_4' title='bbox 505 178 642 297; x_wconf 74' lang='lat' dir='ltr'><strong>Cimon.¹</strong></span> <span class='ocrx_word' id='word_1_5' title='bbox 665 231 745 316; x_wconf 75' lang='lat' dir='ltr'><strong>Gap.</strong></span> <span class='ocrx_word' id='word_1_6' title='bbox 763 233 851 298; x_wconf 87' lang='lat'><strong><em>111.</em></strong></span> <span class='ocrx_word' id='word_1_7' title='bbox 870 237 943 300; x_wconf 86' lang='lat' dir='ltr'><strong>IV.</strong></span> 
     </span>
    </p>
   </div>
   <div class='ocr_carea' id='block_1_2' title="bbox 166 381 1248 780">
    <p class='ocr_par' dir='ltr' id='par_1_2' title="bbox 166 381 1248 780">
     <span class='ocr_line' id='line_1_2' title="bbox 166 381 1204 468; baseline -0.001 -20"><span class='ocrx_word' id='word_1_8' title='bbox 166 405 199 468; x_wconf 79' lang='lat'><strong>4.</strong></span> <span class='ocrx_word' id='word_1_9' title='bbox 228 385 289 448; x_wconf 85' lang='lat' dir='ltr'><strong>vit.</strong></span> <span class='ocrx_word' id='word_1_10' title='bbox 328 381 424 456; x_wconf 85' lang='lat' dir='ltr'>Post,</span> <span class='ocrx_word' id='word_1_11' title='bbox 456 403 567 461; x_wconf 87' lang='lat' dir='ltr'><strong>neque</strong></span> <span class='ocrx_word' id='word_1_12' title='bbox 590 383 635 444; x_wconf 85' lang='lat' dir='ltr'><strong>ita</strong></span> <span class='ocrx_word' id='word_1_13' title='bbox 659 385 786 459; x_wconf 86' lang='lat' dir='ltr'><strong>multo,</strong></span> <span class='ocrx_word' id='word_1_14' title='bbox 815 384 960 466; x_wconf 73' lang='lat' dir='ltr'><strong>Cypmm</strong></span> <span class='ocrx_word' id='word_1_15' title='bbox 983 406 1060 449; x_wconf 86' lang='lat' dir='ltr'><strong>cum</strong></span> <span class='ocrx_word' id='word_1_16' title='bbox 1081 386 1204 450; x_wconf 86' lang='lat' dir='ltr'><strong>ducen-</strong></span> 
     </span>
     <span class='ocr_line' id='line_1_3' title="bbox 227 487 1203 572; baseline -0.001 -19"><span class='ocrx_word' id='word_1_17' title='bbox 227 490 267 553; x_wconf 84' lang='lat' dir='ltr'><strong>tis</strong></span> <span class='ocrx_word' id='word_1_18' title='bbox 291 487 433 548; x_wconf 85' lang='lat' dir='ltr'><strong>navibus</strong></span> <span class='ocrx_word' id='word_1_19' title='bbox 456 487 631 565; x_wconf 83' lang='lat' dir='ltr'><strong>imperator</strong></span> <span class='ocrx_word' id='word_1_20' title='bbox 653 488 789 562; x_wconf 88' lang='lat' dir='ltr'><strong>missus,</strong></span> <span class='ocrx_word' id='word_1_21' title='bbox 814 508 921 567; x_wconf 91' lang='lat' dir='ltr'><strong>quum</strong></span> <span class='ocrx_word' id='word_1_22' title='bbox 948 487 1018 569; x_wconf 85' lang='lat' dir='ltr'><strong>ejus</strong></span> <span class='ocrx_word' id='word_1_23' title='bbox 1041 491 1203 572; x_wconf 87' lang='lat' dir='ltr'><strong>majorem</strong></span> 
     </span>
     <span class='ocr_line' id='line_1_4' title="bbox 226 589 1248 676; baseline 0.001 -22"><span class='ocrx_word' id='word_1_24' title='bbox 226 607 351 676; x_wconf 83' lang='lat' dir='ltr'><strong>partem</strong></span> <span class='ocrx_word' id='word_1_25' title='bbox 377 589 495 651; x_wconf 86' lang='lat' dir='ltr'><strong>insulae</strong></span> <span class='ocrx_word' id='word_1_26' title='bbox 515 589 765 666; x_wconf 71' lang='lat' dir='ltr'><strong>devicisset,·⁰rn</strong></span> <span class='ocrx_word' id='word_1_27' title='bbox 786 593 940 654; x_wconf 84' lang='lat' dir='ltr'><strong>morbum</strong></span> <span class='ocrx_word' id='word_1_28' title='bbox 960 593 1143 674; x_wconf 81' lang='lat' dir='ltr'><strong>implicitus</strong></span> <span class='ocrx_word' id='word_1_29' title='bbox 1162 594 1202 655; x_wconf 89' lang='lat' dir='ltr'><strong>iu</strong></span> <span class='ocrx_word' id='word_1_30' title='bbox 1244 665 1248 671; x_wconf 24' lang='lat'><strong>⁴</strong></span> 
     </span>
     <span class='ocr_line' id='line_1_5' title="bbox 225 693 711 780; baseline -0.004 -20"><span class='ocrx_word' id='word_1_31' title='bbox 225 694 347 780; x_wconf 82' lang='lat' dir='ltr'><strong>oppido</strong></span> <span class='ocrx_word' id='word_1_32' title='bbox 371 693 459 757; x_wconf 83' lang='lat' dir='ltr'><strong>Citio</strong></span> <span class='ocrx_word' id='word_1_33' title='bbox 482 708 529 757; x_wconf 85' lang='lat' dir='ltr'><strong>est</strong></span> <span class='ocrx_word' id='word_1_34' title='bbox 548 709 711 758; x_wconf 80' lang='lat' dir='ltr'><strong>mortuus.</strong></span> 
     </span>
    </p>
   </div>
   <div class='ocr_carea' id='block_1_3' title="bbox 108 873 1204 1739">
    <p class='ocr_par' dir='ltr' id='par_1_3' title="bbox 108 873 1204 1739">
     <span class='ocr_line' id='line_1_6' title="bbox 571 873 785 950; baseline 0.009 -6"><span class='ocrx_word' id='word_1_35' title='bbox 571 873 674 946; x_wconf 77' lang='lat' dir='ltr'><strong>Csr.</strong></span> <span class='ocrx_word' id='word_1_36' title='bbox 722 873 785 950; x_wconf 88' lang='lat' dir='ltr'><strong>IV.</strong></span> 
     </span>
     <span class='ocr_line' id='line_1_7' title="bbox 166 1028 1200 1112; baseline -0.003 -16"><span class='ocrx_word' id='word_1_37' title='bbox 166 1050 193 1096; x_wconf 83' lang='lat' dir='ltr'><strong>r.</strong></span> <span class='ocrx_word' id='word_1_38' title='bbox 222 1030 331 1094; x_wconf 89' lang='lat' dir='ltr'><strong>Hunc</strong></span> <span class='ocrx_word' id='word_1_39' title='bbox 349 1028 575 1093; x_wconf 73' lang='lat' dir='ltr'>Athenienses</span> <span class='ocrx_word' id='word_1_40' title='bbox 592 1052 663 1095; x_wconf 88' lang='lat' dir='ltr'><strong>non</strong></span> <span class='ocrx_word' id='word_1_41' title='bbox 679 1031 789 1094; x_wconf 86' lang='lat' dir='ltr'><strong>solum</strong></span> <span class='ocrx_word' id='word_1_42' title='bbox 808 1031 844 1094; x_wconf 91' lang='lat' dir='ltr'><strong>in</strong></span> <span class='ocrx_word' id='word_1_43' title='bbox 865 1033 973 1108; x_wconf 86' lang='lat' dir='ltr'><strong>bello,</strong></span> <span class='ocrx_word' id='word_1_44' title='bbox 993 1031 1050 1094; x_wconf 86' lang='lat' dir='ltr'><strong>sed</strong></span> <span class='ocrx_word' id='word_1_45' title='bbox 1067 1030 1103 1093; x_wconf 89' lang='lat' dir='ltr'><strong>in</strong></span> <span class='ocrx_word' id='word_1_46' title='bbox 1119 1050 1200 1112; x_wconf 84' lang='lat' dir='ltr'><strong>pace</strong></span> 
     </span>
     <span class='ocr_line' id='line_1_8' title="bbox 146 1133 1203 1227; baseline -0.001 -30"><span class='ocrx_word' id='word_1_47' title='bbox 146 1155 151 1162; x_wconf 88' lang='lat'><strong>·</strong></span> <span class='ocrx_word' id='word_1_48' title='bbox 191 1137 285 1197; x_wconf 89' lang='lat' dir='ltr'><strong>&#39;·diu</strong></span> <span class='ocrx_word' id='word_1_49' title='bbox 311 1133 592 1227; x_wconf 67' lang='lat' dir='ltr'><strong>dosidersverunt.</strong></span> <span class='ocrx_word' id='word_1_50' title='bbox 631 1135 714 1199; x_wconf 83' lang='lat' dir='ltr'><strong>Fuit</strong></span> <span class='ocrx_word' id='word_1_51' title='bbox 744 1137 837 1200; x_wconf 84' lang='lat' dir='ltr'><strong>enim</strong></span> <span class='ocrx_word' id='word_1_52' title='bbox 868 1150 960 1200; x_wconf 81' lang='lat' dir='ltr'><strong>tants</strong></span> <span class='ocrx_word' id='word_1_53' title='bbox 987 1134 1203 1224; x_wconf 76' lang='lat' dir='ltr'>liberalitate,</span> 
     </span>
     <span class='ocr_line' id='line_1_9' title="bbox 221 1238 1202 1322; baseline -0.003 -20"><span class='ocrx_word' id='word_1_54' title='bbox 221 1260 331 1321; x_wconf 90' lang='lat' dir='ltr'><strong>quum</strong></span> <span class='ocrx_word' id='word_1_55' title='bbox 352 1239 581 1320; x_wconf 79' lang='lat' dir='ltr'><strong>compluribus</strong></span> <span class='ocrx_word' id='word_1_56' title='bbox 600 1239 683 1302; x_wconf 87' lang='lat' dir='ltr'><strong>locis</strong></span> <span class='ocrx_word' id='word_1_57' title='bbox 702 1238 834 1322; x_wconf 70' lang='lat' dir='ltr'><strong>predia,</strong></span> <span class='ocrx_word' id='word_1_58' title='bbox 853 1241 1033 1321; x_wconf 74' lang='lat' dir='ltr'><strong>hortosque</strong></span> <span class='ocrx_word' id='word_1_59' title='bbox 1053 1239 1202 1315; x_wconf 85' lang='lat' dir='ltr'><strong>haberet,</strong></span> 
     </span>
     <span class='ocr_line' id='line_1_10' title="bbox 223 1332 1204 1428; baseline -0.001 -22"><span class='ocrx_word' id='word_1_60' title='bbox 223 1359 264 1408; x_wconf 90' lang='lat' dir='ltr'><strong>ut</strong></span> <span class='ocrx_word' id='word_1_61' title='bbox 287 1363 475 1423; x_wconf 83' lang='lat' dir='ltr'><strong>numquam</strong></span> <span class='ocrx_word' id='word_1_62' title='bbox 507 1341 544 1406; x_wconf 90' lang='lat' dir='ltr'><strong>in</strong></span> <span class='ocrx_word' id='word_1_63' title='bbox 575 1332 633 1417; x_wconf 55' lang='lat' dir='ltr'><strong>eii„</strong></span> <span class='ocrx_word' id='word_1_64' title='bbox 652 1347 824 1408; x_wconf 84' lang='lat' dir='ltr'><strong>custodem</strong></span> <span class='ocrx_word' id='word_1_65' title='bbox 856 1345 1053 1428; x_wconf 71' lang='lat' dir='ltr'><strong>imposuerit</strong></span> <span class='ocrx_word' id='word_1_66' title='bbox 1077 1343 1204 1405; x_wconf 82' lang='lat' dir='ltr'><strong>fructus</strong></span> 
     </span>
     <span class='ocr_line' id='line_1_11' title="bbox 150 1443 1203 1530; baseline -0.001 -21"><span class='ocrx_word' id='word_1_67' title='bbox 150 1486 154 1493; x_wconf 86' lang='lat'><strong>·</strong></span> <span class='ocrx_word' id='word_1_68' title='bbox 222 1448 378 1510; x_wconf 76' lang='lat' dir='ltr'><strong>servandi</strong></span> <span class='ocrx_word' id='word_1_69' title='bbox 402 1445 523 1530; x_wconf 79' lang='lat' dir='ltr'><strong>grstia,</strong></span> <span class='ocrx_word' id='word_1_70' title='bbox 554 1467 598 1508; x_wconf 86' lang='lat' dir='ltr'><strong>ne</strong></span> <span class='ocrx_word' id='word_1_71' title='bbox 628 1446 703 1526; x_wconf 92' lang='lat' dir='ltr'><strong>quis</strong></span> <span class='ocrx_word' id='word_1_72' title='bbox 729 1443 963 1528; x_wconf 71' lang='lat' dir='ltr'><strong>impefflretur,</strong></span> <span class='ocrx_word' id='word_1_73' title='bbox 994 1468 1063 1527; x_wconf 89' lang='lat' dir='ltr'><strong>quo</strong></span> <span class='ocrx_word' id='word_1_74' title='bbox 1088 1449 1203 1510; x_wconf 90' lang='lat' dir='ltr'><strong>minus</strong></span> 
     </span>
     <span class='ocr_line' id='line_1_12' title="bbox 164 1548 1203 1634; baseline 0 -20"><span class='ocrx_word' id='word_1_75' title='bbox 164 1570 193 1622; x_wconf 76' lang='lat' dir='ltr'><strong>s.</strong></span> <span class='ocrx_word' id='word_1_76' title='bbox 225 1552 296 1634; x_wconf 82' lang='lat' dir='ltr'><strong>ejus</strong></span> <span class='ocrx_word' id='word_1_77' title='bbox 316 1555 430 1626; x_wconf 84' lang='lat' dir='ltr'><strong>rebus,</strong></span> <span class='ocrx_word' id='word_1_78' title='bbox 452 1551 575 1631; x_wconf 90' lang='lat' dir='ltr'><strong>quibus</strong></span> <span class='ocrx_word' id='word_1_79' title='bbox 595 1548 739 1629; x_wconf 89' lang='lat' dir='ltr'><strong>quisque</strong></span> <span class='ocrx_word' id='word_1_80' title='bbox 758 1551 880 1622; x_wconf 87' lang='lat' dir='ltr'><strong>vellet,</strong></span> <span class='ocrx_word' id='word_1_81' title='bbox 901 1550 1074 1612; x_wconf 85' lang='lat' dir='ltr'><strong>frueretur.</strong></span> <span class='ocrx_word' id='word_1_82' title='bbox 1115 1552 1203 1614; x_wconf 89' lang='lat' dir='ltr'><strong>Sem·</strong></span> 
     </span>
     <span class='ocr_line' id='line_1_13' title="bbox 108 1636 1204 1739; baseline 0.001 -21"><span class='ocrx_word' id='word_1_83' title='bbox 108 1728 110 1733; x_wconf 87' lang='lat'><em>.</em></span> <span class='ocrx_word' id='word_1_84' title='bbox 220 1677 280 1739; x_wconf 89' lang='lat' dir='ltr'><strong>pet</strong></span> <span class='ocrx_word' id='word_1_85' title='bbox 306 1674 385 1718; x_wconf 88' lang='lat' dir='ltr'><strong>eum</strong></span> <span class='ocrx_word' id='word_1_86' title='bbox 410 1651 585 1736; x_wconf 82' lang='lat' dir='ltr'><strong>pedisequi</strong></span> <span class='ocrx_word' id='word_1_87' title='bbox 612 1670 690 1713; x_wconf 88' lang='lat' dir='ltr'><strong>cum</strong></span> <span class='ocrx_word' id='word_1_88' title='bbox 717 1636 831 1712; x_wconf 86' lang='lat' dir='ltr'><strong>numis</strong></span> <span class='ocrx_word' id='word_1_89' title='bbox 852 1666 932 1713; x_wconf 88' lang='lat' dir='ltr'><strong>sunt</strong></span> <span class='ocrx_word' id='word_1_90' title='bbox 955 1654 1075 1727; x_wconf 88' lang='lat' dir='ltr'><strong>secuti,</strong></span> <span class='ocrx_word' id='word_1_91' title='bbox 1096 1671 1153 1731; x_wconf 89' lang='lat' dir='ltr'><strong>ut,</strong></span> <span class='ocrx_word' id='word_1_92' title='bbox 1174 1656 1204 1720; x_wconf 89' lang='lat' dir='ltr'><strong>si</strong></span> 
     </span>
    </p>
   </div>
   <div class='ocr_carea' id='block_1_4' title="bbox 136 1744 1203 1945">
    <p class='ocr_par' dir='ltr' id='par_1_4' title="bbox 136 1744 1203 1945">
     <span class='ocr_line' id='line_1_14' title="bbox 136 1744 1203 1842; baseline -0.004 -18"><span class='ocrx_word' id='word_1_93' title='bbox 136 1777 142 1787; x_wconf 88' lang='grc'><strong>’</strong></span> <span class='ocrx_word' id='word_1_94' title='bbox 220 1759 300 1842; x_wconf 89' lang='lat' dir='ltr'><strong>quis</strong></span> <span class='ocrx_word' id='word_1_95' title='bbox 323 1758 396 1842; x_wconf 91' lang='lat' dir='ltr'><strong>opis</strong></span> <span class='ocrx_word' id='word_1_96' title='bbox 419 1757 490 1838; x_wconf 87' lang='lat' dir='ltr'><strong>ejus</strong></span> <span class='ocrx_word' id='word_1_97' title='bbox 513 1744 692 1838; x_wconf 81' lang='lat' dir='ltr'><strong>indigeret,</strong></span> <span class='ocrx_word' id='word_1_98' title='bbox 720 1755 869 1831; x_wconf 85' lang='lat' dir='ltr'><strong>haberet,</strong></span> <span class='ocrx_word' id='word_1_99' title='bbox 898 1757 989 1835; x_wconf 91' lang='lat' dir='ltr'><strong>quod</strong></span> <span class='ocrx_word' id='word_1_100' title='bbox 1016 1757 1125 1819; x_wconf 87' lang='lat' dir='ltr'><strong>statim</strong></span> <span class='ocrx_word' id='word_1_101' title='bbox 1142 1759 1203 1823; x_wconf 59' lang='lat' dir='ltr'>&#39;‘da-</span> 
     </span>
     <span class='ocr_line' id='line_1_15' title="bbox 221 1857 1202 1945; baseline -0.003 -17"><span class='ocrx_word' id='word_1_102' title='bbox 221 1879 287 1943; x_wconf 85' lang='lat' dir='ltr'><strong>ret,</strong></span> <span class='ocrx_word' id='word_1_103' title='bbox 319 1883 364 1927; x_wconf 90' lang='lat' dir='ltr'><strong>nc</strong></span> <span class='ocrx_word' id='word_1_104' title='bbox 390 1859 577 1925; x_wconf 81' lang='lat' dir='ltr'><strong>differendo</strong></span> <span class='ocrx_word' id='word_1_105' title='bbox 603 1857 772 1922; x_wconf 82' lang='lat' dir='ltr'><strong>videretur</strong></span> <span class='ocrx_word' id='word_1_106' title='bbox 798 1879 928 1945; x_wconf 84' lang='lat' dir='ltr'><strong>negare.</strong></span> <span class='ocrx_word' id='word_1_107' title='bbox 974 1860 1063 1943; x_wconf 84' lang='lat' dir='ltr'><strong>Saeps</strong></span> <span class='ocrx_word' id='word_1_108' title='bbox 1091 1882 1202 1942; x_wconf 86' lang='lat' dir='ltr'><strong>quum</strong></span> 
     </span>
    </p>
   </div>
   <div class='ocr_carea' id='block_1_5' title="bbox 158 2059 1251 2569">
    <p class='ocr_par' dir='ltr' id='par_1_5' title="bbox 158 2059 1251 2569">
     <span class='ocr_line' id='line_1_16' title="bbox 198 2059 1199 2136; baseline -0.001 -17"><span class='ocrx_word' id='word_1_109' title='bbox 198 2075 226 2136; x_wconf 68' lang='lat'><strong>4.</strong></span> <span class='ocrx_word' id='word_1_110' title='bbox 253 2071 284 2119; x_wconf 83' lang='lat' dir='ltr'><strong>r&#39;n</strong></span> <span class='ocrx_word' id='word_1_111' title='bbox 299 2064 427 2118; x_wconf 78' lang='lat' dir='ltr'><strong>morbum</strong></span> <span class='ocrx_word' id='word_1_112' title='bbox 442 2061 612 2132; x_wconf 76' lang='lat' dir='ltr'><strong>implicitus]</strong></span> <span class='ocrx_word' id='word_1_113' title='bbox 649 2059 795 2117; x_wconf 83' lang='lat' dir='ltr'><strong>Cornelius</strong></span> <span class='ocrx_word' id='word_1_114' title='bbox 808 2061 858 2117; x_wconf 78' lang='lat' dir='ltr'><strong>hat</strong></span> <span class='ocrx_word' id='word_1_115' title='bbox 870 2062 946 2116; x_wconf 84' lang='lat' dir='ltr'><strong>disse</strong></span> <span class='ocrx_word' id='word_1_116' title='bbox 958 2061 1111 2118; x_wconf 83' lang='lat' dir='ltr'><strong>Redensart</strong></span> <span class='ocrx_word' id='word_1_117' title='bbox 1125 2063 1199 2118; x_wconf 87' lang='lat' dir='ltr'><strong>noch</strong></span> 
     </span>
     <span class='ocr_line' id='line_1_17' title="bbox 158 2145 1201 2219; baseline -0.006 -10"><span class='ocrx_word' id='word_1_118' title='bbox 158 2156 208 2209; x_wconf 74' lang='lat' dir='ltr'><strong>ein</strong></span> <span class='ocrx_word' id='word_1_119' title='bbox 232 2151 328 2217; x_wconf 79' lang='lat' dir='ltr'><strong>Maht,</strong></span> <span class='ocrx_word' id='word_1_120' title='bbox 348 2148 459 2217; x_wconf 80' lang='lat' dir='ltr'><strong>Agesil.</strong></span> <span class='ocrx_word' id='word_1_121' title='bbox 477 2147 558 2211; x_wconf 75' lang='lat' dir='ltr'><strong>vul,</strong></span> <span class='ocrx_word' id='word_1_122' title='bbox 576 2145 623 2214; x_wconf 84' lang='grc'><strong>6.,</strong></span> <span class='ocrx_word' id='word_1_123' title='bbox 641 2165 686 2202; x_wconf 81' lang='lat' dir='ltr'><strong>wo</strong></span> <span class='ocrx_word' id='word_1_124' title='bbox 706 2153 736 2201; x_wconf 85' lang='lat' dir='ltr'><strong>in</strong></span> <span class='ocrx_word' id='word_1_125' title='bbox 752 2153 863 2218; x_wconf 79' lang='lat' dir='ltr'><strong>einigcn</strong></span> <span class='ocrx_word' id='word_1_126' title='bbox 880 2149 1038 2219; x_wconf 75' lang='lat' dir='ltr'><strong>Ausgabsu</strong></span> <span class='ocrx_word' id='word_1_127' title='bbox 1049 2149 1201 2203; x_wconf 79' lang='lat' dir='ltr'><strong>fehlerhait</strong></span> 
     </span>
     <span class='ocr_line' id='line_1_18' title="bbox 159 2233 1201 2310; baseline -0.002 -19"><span class='ocrx_word' id='word_1_128' title='bbox 159 2239 330 2310; x_wconf 73' lang='lat' dir='ltr'><strong>implicatus</strong></span> <span class='ocrx_word' id='word_1_129' title='bbox 343 2234 425 2288; x_wconf 82' lang='lat' dir='ltr'><strong>steht.</strong></span> <span class='ocrx_word' id='word_1_130' title='bbox 439 2235 485 2297; x_wconf 81' lang='lat' dir='ltr'><strong>Zu</strong></span> <span class='ocrx_word' id='word_1_131' title='bbox 499 2233 650 2288; x_wconf 82' lang='lat' dir='ltr'><strong>hemerken</strong></span> <span class='ocrx_word' id='word_1_132' title='bbox 664 2233 863 2304; x_wconf 63' lang='lat' dir='ltr'><strong>immorigeris,</strong></span> <span class='ocrx_word' id='word_1_133' title='bbox 881 2233 942 2287; x_wconf 77' lang='lat' dir='ltr'><strong>dare</strong></span> <span class='ocrx_word' id='word_1_134' title='bbox 963 2233 1062 2287; x_wconf 83' lang='lat' dir='ltr'><strong>andere</strong></span> <span class='ocrx_word' id='word_1_135' title='bbox 1079 2233 1201 2289; x_wconf 70' lang='lat' dir='ltr'><strong>Schrift-</strong></span> 
     </span>
     <span class='ocr_line' id='line_1_19' title="bbox 159 2318 1251 2391; baseline -0.005 -15"><span class='ocrx_word' id='word_1_136' title='bbox 159 2323 257 2376; x_wconf 76' lang='lat' dir='ltr'><strong>stellet</strong></span> <span class='ocrx_word' id='word_1_137' title='bbox 275 2319 331 2374; x_wconf 87' lang='lat' dir='ltr'><strong>den</strong></span> <span class='ocrx_word' id='word_1_138' title='bbox 353 2320 500 2374; x_wconf 78' lang='lat' dir='ltr'><strong>Ablativus</strong></span> <span class='ocrx_word' id='word_1_139' title='bbox 523 2318 687 2385; x_wconf 80' lang='lat' dir='ltr'><strong>vorsielren,</strong></span> <span class='ocrx_word' id='word_1_140' title='bbox 714 2320 811 2382; x_wconf 84' lang='lat' dir='ltr'><strong>morbo</strong></span> <span class='ocrx_word' id='word_1_141' title='bbox 833 2321 990 2391; x_wconf 83' lang='lat' dir='ltr'><strong>implicitus</strong></span> <span class='ocrx_word' id='word_1_142' title='bbox 1010 2321 1123 2373; x_wconf 84' lang='lat' dir='ltr'><strong>Lucret.</strong></span> <span class='ocrx_word' id='word_1_143' title='bbox 1141 2320 1200 2386; x_wconf 81' lang='lat' dir='ltr'><strong>Vl,</strong></span> <span class='ocrx_word' id='word_1_144' title='bbox 1246 2350 1251 2363; x_wconf 78' lang='lat'><em>›</em></span> 
     </span>
     <span class='ocr_line' id='line_1_20' title="bbox 164 2403 1201 2476; baseline -0.004 -14"><span class='ocrx_word' id='word_1_145' title='bbox 164 2426 206 2462; x_wconf 78' lang='lat' dir='ltr'><strong>rs.</strong></span> <span class='ocrx_word' id='word_1_146' title='bbox 233 2407 343 2461; x_wconf 80' lang='lat' dir='ltr'><strong>Plinius</strong></span> <span class='ocrx_word' id='word_1_147' title='bbox 356 2405 451 2475; x_wconf 72' lang='lat' dir='ltr'><strong>Epist.</strong></span> <span class='ocrx_word' id='word_1_148' title='bbox 469 2405 542 2472; x_wconf 81' lang='lat' dir='ltr'><strong>vn,</strong></span> <span class='ocrx_word' id='word_1_149' title='bbox 560 2419 608 2470; x_wconf 80' lang='lat'><strong>27,</strong></span> <span class='ocrx_word' id='word_1_150' title='bbox 626 2415 655 2471; x_wconf 78' lang='grc'><strong>5.</strong></span> <span class='ocrx_word' id='word_1_151' title='bbox 679 2404 869 2476; x_wconf 73' lang='lat' dir='ltr'><strong>lit,15,24.</strong></span> <span class='ocrx_word' id='word_1_152' title='bbox 896 2407 974 2459; x_wconf 76' lang='lat' dir='ltr'><strong>Etws</strong></span> <span class='ocrx_word' id='word_1_153' title='bbox 991 2405 1063 2458; x_wconf 88' lang='lat' dir='ltr'><strong>such</strong></span> <span class='ocrx_word' id='word_1_154' title='bbox 1080 2409 1131 2458; x_wconf 86' lang='lat' dir='ltr'><strong>mit</strong></span> <span class='ocrx_word' id='word_1_155' title='bbox 1151 2403 1201 2459; x_wconf 87' lang='lat' dir='ltr'><strong>der</strong></span> 
     </span>
     <span class='ocr_line' id='line_1_21' title="bbox 160 2477 745 2569; baseline -0.007 -21"><span class='ocrx_word' id='word_1_156' title='bbox 160 2477 345 2565; x_wconf 74' lang='lat' dir='ltr'><strong>Praepositiou</strong></span> <span class='ocrx_word' id='word_1_157' title='bbox 362 2497 403 2547; x_wconf 80' lang='lat' dir='ltr'><strong>iu.</strong></span> <span class='ocrx_word' id='word_1_158' title='bbox 431 2491 588 2548; x_wconf 77' lang='lat' dir='ltr'><strong>Vitruvius·</strong></span> <span class='ocrx_word' id='word_1_159' title='bbox 604 2490 633 2558; x_wconf 92' lang='lat'><strong>1,</strong></span> <span class='ocrx_word' id='word_1_160' title='bbox 650 2489 678 2544; x_wconf 87' lang='lat'><strong>6.</strong></span> <span class='ocrx_word' id='word_1_161' title='bbox 743 2560 745 2569; x_wconf 21' lang='grc' dir='ltr'><strong><em>γ</em></strong></span> 
     </span>
    </p>
   </div>
   <div class='ocr_carea' id='block_1_6' title="bbox 92 2645 1202 3320">
    <p class='ocr_par' dir='ltr' id='par_1_6' title="bbox 92 2645 1202 3320">
     <span class='ocr_line' id='line_1_22' title="bbox 149 2645 1201 2724; baseline -0.002 -16"><span class='ocrx_word' id='word_1_162' title='bbox 149 2676 152 2683; x_wconf 76' lang='grc'>’</span> <span class='ocrx_word' id='word_1_163' title='bbox 197 2653 294 2708; x_wconf 53' lang='lat' dir='ltr'>IV.’1.</span> <span class='ocrx_word' id='word_1_164' title='bbox 328 2671 388 2706; x_wconf 77' lang='lat' dir='ltr'><strong>non</strong></span> <span class='ocrx_word' id='word_1_165' title='bbox 404 2655 497 2705; x_wconf 83' lang='lat' dir='ltr'><strong>solum</strong></span> <span class='ocrx_word' id='word_1_166' title='bbox 516 2659 547 2704; x_wconf 85' lang='lat' dir='ltr'><strong>in</strong></span> <span class='ocrx_word' id='word_1_167' title='bbox 565 2651 653 2715; x_wconf 80' lang='lat' dir='ltr'><strong>bello,</strong></span> <span class='ocrx_word' id='word_1_168' title='bbox 670 2645 864 2724; x_wconf 75' lang='lat' dir='ltr'><strong>eedr’npace]</strong></span> <span class='ocrx_word' id='word_1_169' title='bbox 899 2655 953 2708; x_wconf 83' lang='lat' dir='ltr'><strong>Dis</strong></span> <span class='ocrx_word' id='word_1_170' title='bbox 969 2651 1201 2719; x_wconf 74' lang='lat' dir='ltr'><strong>Ansingermsr·</strong></span> 
     </span>
     <span class='ocr_line' id='line_1_23' title="bbox 162 2735 1202 2815; baseline -0.007 -19"><span class='ocrx_word' id='word_1_171' title='bbox 162 2744 217 2797; x_wconf 83' lang='lat' dir='ltr'><strong>iren</strong></span> <span class='ocrx_word' id='word_1_172' title='bbox 241 2740 316 2815; x_wconf 69' lang='lat' dir='ltr'><strong>riuiq,</strong></span> <span class='ocrx_word' id='word_1_173' title='bbox 339 2737 400 2790; x_wconf 78' lang='lat' dir='ltr'><strong>daie</strong></span> <span class='ocrx_word' id='word_1_174' title='bbox 424 2739 496 2790; x_wconf 80' lang='lat' dir='ltr'><strong>nach</strong></span> <span class='ocrx_word' id='word_1_175' title='bbox 517 2755 576 2790; x_wconf 82' lang='lat' dir='ltr'><strong>non</strong></span> <span class='ocrx_word' id='word_1_176' title='bbox 596 2738 687 2788; x_wconf 82' lang='lat' dir='ltr'><strong>solum</strong></span> <span class='ocrx_word' id='word_1_177' title='bbox 708 2737 795 2790; x_wconf 72' lang='lat' dir='ltr'><strong>ofters</strong></span> <span class='ocrx_word' id='word_1_178' title='bbox 814 2739 866 2810; x_wconf 84' lang='lat' dir='ltr'><strong>bey</strong></span> <span class='ocrx_word' id='word_1_179' title='bbox 887 2735 939 2788; x_wconf 87' lang='lat' dir='ltr'><strong>den</strong></span> <span class='ocrx_word' id='word_1_180' title='bbox 960 2737 1057 2788; x_wconf 79' lang='lat' dir='ltr'><strong>herren</strong></span> <span class='ocrx_word' id='word_1_181' title='bbox 1079 2737 1202 2792; x_wconf 82' lang='lat' dir='ltr'><strong>Schrift-</strong></span> 
     </span>
     <span class='ocr_line' id='line_1_24' title="bbox 161 2820 1202 2892; baseline -0.01 -9"><span class='ocrx_word' id='word_1_182' title='bbox 161 2827 279 2883; x_wconf 80' lang='lat' dir='ltr'><strong>stellerrr</strong></span> <span class='ocrx_word' id='word_1_183' title='bbox 295 2822 346 2876; x_wconf 81' lang='lat' dir='ltr'><strong>scd</strong></span> <span class='ocrx_word' id='word_1_184' title='bbox 366 2837 470 2892; x_wconf 81' lang='lat' dir='ltr'><strong>gescrrt</strong></span> <span class='ocrx_word' id='word_1_185' title='bbox 489 2820 559 2874; x_wconf 81' lang='lat' dir='ltr'><strong>wird</strong></span> <span class='ocrx_word' id='word_1_186' title='bbox 575 2821 622 2873; x_wconf 78' lang='lat' dir='ltr'><strong>fiir</strong></span> <span class='ocrx_word' id='word_1_187' title='bbox 638 2820 690 2873; x_wconf 79' lang='lat' dir='ltr'><strong>sed</strong></span> <span class='ocrx_word' id='word_1_188' title='bbox 706 2827 805 2876; x_wconf 81' lang='lat' dir='ltr'><strong>etiam.</strong></span> <span class='ocrx_word' id='word_1_189' title='bbox 843 2825 900 2874; x_wconf 82' lang='lat' dir='ltr'><strong>Aur</strong></span> <span class='ocrx_word' id='word_1_190' title='bbox 919 2821 1014 2873; x_wconf 82' lang='lat' dir='ltr'><strong>Livius</strong></span> <span class='ocrx_word' id='word_1_191' title='bbox 1033 2821 1082 2871; x_wconf 80' lang='lat' dir='ltr'><strong>hat</strong></span> <span class='ocrx_word' id='word_1_192' title='bbox 1099 2822 1202 2876; x_wconf 77' lang='lat' dir='ltr'><strong>Stroth</strong></span> 
     </span>
     <span class='ocr_line' id='line_1_25' title="bbox 149 2904 1202 2985; baseline -0.007 -19"><span class='ocrx_word' id='word_1_193' title='bbox 149 2909 308 2985; x_wconf 74' lang='lat' dir='ltr'><strong>·Beyspielc</strong></span> <span class='ocrx_word' id='word_1_194' title='bbox 333 2907 498 2979; x_wconf 77' lang='lat' dir='ltr'><strong>geeammelt</strong></span> <span class='ocrx_word' id='word_1_195' title='bbox 515 2904 617 2973; x_wconf 82' lang='lat' dir='ltr'><strong>XXII,</strong></span> <span class='ocrx_word' id='word_1_196' title='bbox 634 2918 661 2973; x_wconf 79' lang='grc'><strong>9.</strong></span> <span class='ocrx_word' id='word_1_197' title='bbox 704 2909 758 2960; x_wconf 90' lang='lat' dir='ltr'><strong>Die</strong></span> <span class='ocrx_word' id='word_1_198' title='bbox 784 2905 857 2959; x_wconf 73' lang='lat' dir='ltr'><strong>{eine</strong></span> <span class='ocrx_word' id='word_1_199' title='bbox 878 2906 1069 2973; x_wconf 81' lang='lat' dir='ltr'><strong>Bemerkupg‚</strong></span> <span class='ocrx_word' id='word_1_200' title='bbox 1095 2906 1202 2962; x_wconf 81' lang='lat' dir='ltr'><strong>welche</strong></span> 
     </span>
     <span class='ocr_line' id='line_1_26' title="bbox 163 2989 1199 3063; baseline -0.008 -9"><span class='ocrx_word' id='word_1_201' title='bbox 163 2997 366 3054; x_wconf 70' lang='lat' dir='ltr'><strong>Hert-Gom</strong></span> <span class='ocrx_word' id='word_1_202' title='bbox 390 2993 442 3063; x_wconf 84' lang='lat' dir='ltr'><strong>bey</strong></span> <span class='ocrx_word' id='word_1_203' title='bbox 462 2992 561 3045; x_wconf 85' lang='lat' dir='ltr'><strong>Cicero</strong></span> <span class='ocrx_word' id='word_1_204' title='bbox 585 2991 619 3041; x_wconf 83' lang='lat' dir='ltr'><strong>de</strong></span> <span class='ocrx_word' id='word_1_205' title='bbox 641 2992 729 3059; x_wconf 71' lang='lat' dir='ltr'><strong><em>legg.</em></strong></span> <span class='ocrx_word' id='word_1_206' title='bbox 749 2991 792 3056; x_wconf 79' lang='grc' dir='ltr'><strong>ΙΙ,</strong></span> <span class='ocrx_word' id='word_1_207' title='bbox 808 3005 834 3055; x_wconf 92' lang='lat'><strong>7.</strong></span> <span class='ocrx_word' id='word_1_208' title='bbox 860 2989 969 3052; x_wconf 77' lang='lat' dir='ltr'><strong>macht,</strong></span> <span class='ocrx_word' id='word_1_209' title='bbox 996 2989 1121 3043; x_wconf 85' lang='lat' dir='ltr'><strong>verdient</strong></span> <span class='ocrx_word' id='word_1_210' title='bbox 1143 2993 1199 3047; x_wconf 82' lang='lat' dir='ltr'><strong>alie</strong></span> 
     </span>
     <span class='ocr_line' id='line_1_27' title="bbox 92 3066 1201 3149; baseline -0.008 -13"><span class='ocrx_word' id='word_1_211' title='bbox 92 3085 94 3088; x_wconf 71' lang='grc'>’</span> <span class='ocrx_word' id='word_1_212' title='bbox 130 3066 131 3069; x_wconf 15' lang='lat'>¹</span> <span class='ocrx_word' id='word_1_213' title='bbox 164 3082 374 3141; x_wconf 67' lang='lat' dir='ltr'><strong>Achtssrrri&#39;seit:</strong></span> <span class='ocrx_word' id='word_1_214' title='bbox 392 3079 469 3132; x_wconf 84' lang='lat' dir='ltr'><strong>Solet</strong></span> <span class='ocrx_word' id='word_1_215' title='bbox 482 3079 579 3130; x_wconf 87' lang='lat' dir='ltr'><strong>Cicero</strong></span> <span class='ocrx_word' id='word_1_216' title='bbox 596 3081 626 3130; x_wconf 83' lang='lat' dir='ltr'><strong>in</strong></span> <span class='ocrx_word' id='word_1_217' title='bbox 644 3083 821 3128; x_wconf 84' lang='lat' dir='ltr'><strong>correctione</strong></span> <span class='ocrx_word' id='word_1_218' title='bbox 836 3073 889 3128; x_wconf 80' lang='lat' dir='ltr'><strong>ced</strong></span> <span class='ocrx_word' id='word_1_219' title='bbox 903 3091 958 3138; x_wconf 85' lang='lat' dir='ltr'><strong>pro</strong></span> <span class='ocrx_word' id='word_1_220' title='bbox 972 3076 1024 3126; x_wconf 85' lang='lat' dir='ltr'><strong>sed</strong></span> <span class='ocrx_word' id='word_1_221' title='bbox 1041 3084 1129 3128; x_wconf 82' lang='lat' dir='ltr'><strong>etiam</strong></span> <span class='ocrx_word' id='word_1_222' title='bbox 1146 3096 1201 3149; x_wconf 85' lang='lat' dir='ltr'><strong>po·</strong></span> 
     </span>
     <span class='ocr_line' id='line_1_28' title="bbox 157 3154 1201 3234; baseline -0.007 -12"><span class='ocrx_word' id='word_1_223' title='bbox 157 3186 241 3224; x_wconf 74' lang='lat' dir='ltr'><strong>uere.</strong></span> <span class='ocrx_word' id='word_1_224' title='bbox 277 3168 313 3220; x_wconf 86' lang='lat' dir='ltr'><strong>so</strong></span> <span class='ocrx_word' id='word_1_225' title='bbox 335 3165 411 3217; x_wconf 82' lang='lat' dir='ltr'><strong>kann</strong></span> <span class='ocrx_word' id='word_1_226' title='bbox 425 3181 497 3216; x_wconf 82' lang='lat' dir='ltr'><strong>man</strong></span> <span class='ocrx_word' id='word_1_227' title='bbox 520 3179 547 3213; x_wconf 81' lang='lat' dir='ltr'><strong>es</strong></span> <span class='ocrx_word' id='word_1_228' title='bbox 570 3154 828 3224; x_wconf 61' lang='lat' dir='ltr'><strong>stesichorum,</strong></span> <span class='ocrx_word' id='word_1_229' title='bbox 850 3157 1201 3234; x_wconf 60' lang='lat' dir='ltr'><strong>qondam-nahmentlielq</strong></span> 
     </span>
     <span class='ocr_line' id='line_1_29' title="bbox 162 3245 1200 3320; baseline -0.005 -14"><span class='ocrx_word' id='word_1_230' title='bbox 162 3251 288 3306; x_wconf 74' lang='lat' dir='ltr'><strong>condem</strong></span> <span class='ocrx_word' id='word_1_231' title='bbox 313 3266 391 3318; x_wconf 75' lang='lat' dir='ltr'><strong>ganz</strong></span> <span class='ocrx_word' id='word_1_232' title='bbox 416 3247 589 3320; x_wconf 66' lang='lat' dir='ltr'><strong>corruglr&#39;ch.</strong></span> <span class='ocrx_word' id='word_1_233' title='bbox 629 3247 707 3300; x_wconf 81' lang='lat' dir='ltr'><strong>Eheu</strong></span> <span class='ocrx_word' id='word_1_234' title='bbox 732 3263 763 3299; x_wconf 83' lang='lat' dir='ltr'><strong>so</strong></span> <span class='ocrx_word' id='word_1_235' title='bbox 787 3245 972 3300; x_wconf 78' lang='lat' dir='ltr'><strong>setreu&#39;nuch</strong></span> <span class='ocrx_word' id='word_1_236' title='bbox 993 3245 1037 3300; x_wconf 84' lang='lat' dir='ltr'><strong>die</strong></span> <span class='ocrx_word' id='word_1_237' title='bbox 1060 3250 1200 3313; x_wconf 76' lang='lat' dir='ltr'><strong>Griechen</strong></span> 
     </span>
    </p>
   </div>
   <div class='ocr_carea' id='block_1_7' title="bbox 163 3325 1184 3411">
    <p class='ocr_par' dir='ltr' id='par_1_7' title="bbox 163 3325 1184 3411">
     <span class='ocr_line' id='line_1_30' title="bbox 163 3325 1184 3411; baseline -0.008 -15"><span class='ocrx_word' id='word_1_238' title='bbox 163 3331 198 3396; x_wconf 72' lang='lat' dir='ltr'><strong>eri</strong></span> <span class='ocrx_word' id='word_1_239' title='bbox 216 3334 303 3404; x_wconf 74' lang='grc' dir='ltr'><strong><em>μόνον</em></strong></span> <span class='ocrx_word' id='word_1_240' title='bbox 315 3365 355 3379; x_wconf 92' lang='grc'><strong>-</strong></span> <span class='ocrx_word' id='word_1_241' title='bbox 369 3327 455 3393; x_wconf 61' lang='grc' dir='ltr'><strong>ἑλλοὶ</strong></span> <span class='ocrx_word' id='word_1_242' title='bbox 473 3337 545 3391; x_wconf 77' lang='lat' dir='ltr'><strong>ohne</strong></span> <span class='ocrx_word' id='word_1_243' title='bbox 562 3331 623 3391; x_wconf 76' lang='grc' dir='ltr'><strong><em>καί.</em></strong></span> <span class='ocrx_word' id='word_1_244' title='bbox 647 3338 729 3392; x_wconf 84' lang='lat' dir='ltr'><strong>Siehe</strong></span> <span class='ocrx_word' id='word_1_245' title='bbox 742 3339 893 3390; x_wconf 78' lang='lat' dir='ltr'><strong>Hermann</strong></span> <span class='ocrx_word' id='word_1_246' title='bbox 909 3356 943 3390; x_wconf 82' lang='lat' dir='ltr'><strong>zu</strong></span> <span class='ocrx_word' id='word_1_247' title='bbox 961 3325 1062 3406; x_wconf 69' lang='lat' dir='ltr'><strong>Viger.</strong></span> <span class='ocrx_word' id='word_1_248' title='bbox 1077 3357 1103 3411; x_wconf 89' lang='lat' dir='ltr'><strong>p.</strong></span> <span class='ocrx_word' id='word_1_249' title='bbox 1121 3347 1184 3405; x_wconf 77' lang='lat'><strong>837.</strong></span> 
     </span>
    </p>
   </div>
   <div class='ocr_carea' id='block_1_8' title="bbox 163 3484 1206 4001">
    <p class='ocr_par' dir='ltr' id='par_1_8' title="bbox 163 3484 1206 4001">
     <span class='ocr_line' id='line_1_31' title="bbox 253 3484 1202 3573; baseline 0 -17"><span class='ocrx_word' id='word_1_250' title='bbox 253 3509 284 3556; x_wconf 83' lang='lat' dir='ltr'><strong>in</strong></span> <span class='ocrx_word' id='word_1_251' title='bbox 308 3508 350 3555; x_wconf 70' lang='lat' dir='ltr'><strong>ets</strong></span> <span class='ocrx_word' id='word_1_252' title='bbox 371 3499 517 3553; x_wconf 82' lang='lat' dir='ltr'><strong>custodem</strong></span> <span class='ocrx_word' id='word_1_253' title='bbox 543 3484 740 3570; x_wconf 73' lang='lat' dir='ltr'><strong>imposuerit]</strong></span> <span class='ocrx_word' id='word_1_254' title='bbox 773 3504 827 3554; x_wconf 90' lang='lat' dir='ltr'><strong>Die</strong></span> <span class='ocrx_word' id='word_1_255' title='bbox 853 3503 1034 3573; x_wconf 80' lang='lat' dir='ltr'><strong>Praeposition</strong></span> <span class='ocrx_word' id='word_1_256' title='bbox 1059 3507 1121 3554; x_wconf 74' lang='lat' dir='ltr'><strong>mit</strong></span> <span class='ocrx_word' id='word_1_257' title='bbox 1137 3500 1202 3556; x_wconf 86' lang='lat' dir='ltr'><strong>dem</strong></span> 
     </span>
     <span class='ocr_line' id='line_1_32' title="bbox 163 3584 1202 3651; baseline 0 -9"><span class='ocrx_word' id='word_1_258' title='bbox 163 3587 312 3648; x_wconf 71' lang='lat' dir='ltr'><strong>Ablativus</strong></span> <span class='ocrx_word' id='word_1_259' title='bbox 332 3586 405 3640; x_wconf 86' lang='lat' dir='ltr'><strong>steht</strong></span> <span class='ocrx_word' id='word_1_260' title='bbox 423 3600 489 3639; x_wconf 78' lang='lat' dir='ltr'><strong>etate</strong></span> <span class='ocrx_word' id='word_1_261' title='bbox 508 3584 555 3640; x_wconf 80' lang='lat' dir='ltr'><strong>dee</strong></span> <span class='ocrx_word' id='word_1_262' title='bbox 579 3589 687 3641; x_wconf 77' lang='lat' dir='ltr'><strong>Detivi.</strong></span> <span class='ocrx_word' id='word_1_263' title='bbox 722 3590 804 3640; x_wconf 83' lang='lat' dir='ltr'><strong>Denn</strong></span> <span class='ocrx_word' id='word_1_264' title='bbox 821 3606 886 3640; x_wconf 83' lang='lat' dir='ltr'><strong>man</strong></span> <span class='ocrx_word' id='word_1_265' title='bbox 905 3590 976 3640; x_wconf 79' lang='lat' dir='ltr'><strong>wird</strong></span> <span class='ocrx_word' id='word_1_266' title='bbox 993 3588 1078 3639; x_wconf 87' lang='lat' dir='ltr'><strong>seiten</strong></span> <span class='ocrx_word' id='word_1_267' title='bbox 1096 3586 1202 3651; x_wconf 76' lang='lat' dir='ltr'><strong>finden,</strong></span> 
     </span>
     <span class='ocr_line' id='line_1_33' title="bbox 165 3672 1203 3746; baseline -0.002 -18"><span class='ocrx_word' id='word_1_268' title='bbox 165 3672 313 3728; x_wconf 77' lang='lat' dir='ltr'><strong>custodem</strong></span> <span class='ocrx_word' id='word_1_269' title='bbox 335 3676 529 3739; x_wconf 72' lang='lat' dir='ltr'><strong>imponerem</strong></span> <span class='ocrx_word' id='word_1_270' title='bbox 548 3674 621 3728; x_wconf 81' lang='lat' dir='ltr'><strong>loco.</strong></span> <span class='ocrx_word' id='word_1_271' title='bbox 652 3673 883 3746; x_wconf 28' lang='lat' dir='ltr'><strong>Be&#39;ynMensclzen</strong></span> <span class='ocrx_word' id='word_1_272' title='bbox 899 3674 973 3725; x_wconf 79' lang='lat' dir='ltr'><strong>muse</strong></span> <span class='ocrx_word' id='word_1_273' title='bbox 995 3673 1133 3724; x_wconf 85' lang='lat' dir='ltr'><strong>durchaus</strong></span> <span class='ocrx_word' id='word_1_274' title='bbox 1152 3673 1203 3726; x_wconf 82' lang='lat' dir='ltr'><strong>der</strong></span> 
     </span>
     <span class='ocr_line' id='line_1_34' title="bbox 164 3745 1206 3826; baseline -0.005 -11"><span class='ocrx_word' id='word_1_275' title='bbox 164 3761 287 3815; x_wconf 78' lang='lat' dir='ltr'><strong>Dstivus</strong></span> <span class='ocrx_word' id='word_1_276' title='bbox 308 3758 413 3811; x_wconf 84' lang='lat' dir='ltr'><strong>stehen.</strong></span> <span class='ocrx_word' id='word_1_277' title='bbox 447 3758 598 3825; x_wconf 82' lang='lat' dir='ltr'><strong>Imponerc</strong></span> <span class='ocrx_word' id='word_1_278' title='bbox 615 3757 687 3810; x_wconf 79' lang='lat' dir='ltr'><strong>wird</strong></span> <span class='ocrx_word' id='word_1_279' title='bbox 700 3759 833 3826; x_wconf 75' lang='lat' dir='ltr'><strong>ubrigcns</strong></span> <span class='ocrx_word' id='word_1_280' title='bbox 850 3775 917 3826; x_wconf 84' lang='lat' dir='ltr'><strong>gern</strong></span> <span class='ocrx_word' id='word_1_281' title='bbox 933 3764 961 3810; x_wconf 85' lang='lat' dir='ltr'><strong>in</strong></span> <span class='ocrx_word' id='word_1_282' title='bbox 978 3745 1136 3824; x_wconf 80' lang='lat' dir='ltr'><strong>Beziehung</strong></span> <span class='ocrx_word' id='word_1_283' title='bbox 1154 3756 1206 3810; x_wconf 76' lang='lat' dir='ltr'><strong>aui</strong></span> 
     </span>
     <span class='ocr_line' id='line_1_35' title="bbox 165 3840 1203 3916; baseline -0.005 -15"><span class='ocrx_word' id='word_1_284' title='bbox 165 3842 298 3901; x_wconf 85' lang='lat' dir='ltr'><strong>Wachen</strong></span> <span class='ocrx_word' id='word_1_285' title='bbox 314 3845 427 3912; x_wconf 73' lang='lat' dir='ltr'><strong>gereret.</strong></span> <span class='ocrx_word' id='word_1_286' title='bbox 461 3843 520 3894; x_wconf 85' lang='lat' dir='ltr'><strong>Der</strong></span> <span class='ocrx_word' id='word_1_287' title='bbox 534 3840 723 3896; x_wconf 77' lang='lat' dir='ltr'><strong>Verfosserde</strong></span> <span class='ocrx_word' id='word_1_288' title='bbox 741 3846 820 3896; x_wconf 81' lang='lat' dir='ltr'><strong>Bello</strong></span> <span class='ocrx_word' id='word_1_289' title='bbox 846 3845 947 3916; x_wconf 78' lang='lat' dir='ltr'><strong>Afric.</strong></span> <span class='ocrx_word' id='word_1_290' title='bbox 965 3861 991 3898; x_wconf 85' lang='lat' dir='ltr'><strong>c.</strong></span> <span class='ocrx_word' id='word_1_291' title='bbox 1010 3856 1037 3910; x_wconf 88' lang='lat'><strong>7.</strong></span> <span class='ocrx_word' id='word_1_292' title='bbox 1056 3848 1203 3913; x_wconf 78' lang='lat' dir='ltr'><strong>centurio-</strong></span> 
     </span>
     <span class='ocr_line' id='line_1_36' title="bbox 166 3925 930 4001; baseline -0.003 -15"><span class='ocrx_word' id='word_1_293' title='bbox 166 3929 251 3986; x_wconf 74' lang='lat' dir='ltr'><strong>m&#39;bru</strong></span> <span class='ocrx_word' id='word_1_294' title='bbox 271 3927 312 3982; x_wconf 77' lang='lat' dir='ltr'><strong>sd</strong></span> <span class='ocrx_word' id='word_1_295' title='bbox 329 3935 434 3998; x_wconf 79' lang='lat' dir='ltr'><strong>portae</strong></span> <span class='ocrx_word' id='word_1_296' title='bbox 453 3925 551 3997; x_wconf 72' lang='lat' dir='ltr'><strong>oppidi</strong></span> <span class='ocrx_word' id='word_1_297' title='bbox 569 3936 600 3982; x_wconf 77' lang='lat' dir='ltr'><strong>et</strong></span> <span class='ocrx_word' id='word_1_298' title='bbox 622 3927 760 3982; x_wconf 73' lang='lat' dir='ltr'><strong>custodiis</strong></span> <span class='ocrx_word' id='word_1_299' title='bbox 779 3934 930 4001; x_wconf 76' lang='lat' dir='ltr'><strong>impositis.</strong></span> 
     </span>
    </p>
   </div>
   <div class='ocr_carea' id='block_1_9' title="bbox 0 0 1272 4394">
    <p class='ocr_par' dir='ltr' id='par_1_9' title="bbox 0 0 1272 4394">
     <span class='ocr_line' id='line_1_37' title="bbox 0 0 1272 4394; baseline 0 0"><span class='ocrx_word' id='word_1_300' title='bbox 0 0 1272 4394; x_wconf 95' lang='lat' dir='ltr'><strong> </strong></span> 
     </span>
    </p>
   </div>
  </div>
 </body>
</html>
