2526 4394
108 229 167 308 ιιι
367 227 411 292 Χ.
432 161 531 291 Iiion.
571 228 648 312 cap.
671 231 792 299 Vm.
811 236 881 299 IX.

164 376 268 442 fertur
292 377 333 438 ad
360 377 634 456 Aristomachen,
653 399 798 469 sororem
821 383 964 461 Dionis,
984 408 1136 454 uxorem·

165 501 233 561 que
251 482 387 545 Areten.
421 481 494 541 Illae
515 482 630 546 timore
647 485 819 574 pertersitae
836 488 1062 567 conveniunt,
1083 516 1138 556 cu·
1193 470 1205 503 '¹

160 584 218 665 jus
230 584 278 645 de
296 583 443 663 periculo
464 583 636 647 timebant.
663 587 714 650 At
732 588 791 651 ille
811 604 943 672 negata
962 592 1137 658 Callicrate

163 687 235 750 fieri
249 685 312 748 sibi
330 685 481 760 insidias,
501 690 557 748 sed
577 689 651 764 illa,
671 709 746 770 quse
764 705 950 775 agerentur,
969 694 1040 755 fieri
1057 717 1134 774 prac-

107 789 138 853 ⁵.
167 803 260 870 cepto
288 809 361 852 suo.
407 791 568 853 Mulieres
595 791 704 855 nihilo
729 796 836 858 secius
862 796 1064 860 Callicratem
1093 799 1132 858 in

75 877 79 886 ⁸
163 892 267 953 aedern
288 893 492 976 Proserpinae
512 896 701 975 deducunt,
720 919 757 962 ac
773 899 881 982 jurare
898 909 1033 984 cogunt,
1054 901 1130 960 nihil

165 995 203 1055 ab
229 995 283 1055 illo
308 1002 436 1079 periculi
454 1000 525 1083 fore
550 1000 664 1066 Dioni.
707 1005 775 1066 Ille
796 1004 858 1066 hac
880 1003 1037 1087 religione
1060 1023 1131 1063 non

160 1100 264 1160 modo
291 1105 332 1164 ab
357 1102 489 1184 incepto
512 1125 582 1166 non
607 1108 799 1184 deterritus,
826 1109 884 1170 sed
909 1107 950 1171 ad
976 1119 1136 1169 maturan-

165 1202 249 1264 dum
271 1205 453 1268 concitatus
469 1223 532 1284 est,
552 1229 669 1272 verens
693 1234 737 1276 ne
756 1213 847 1296 prius
866 1212 1046 1276 consilium
1067 1226 1139 1292 aper

142 1304 279 1407 ‘citetur
299 1327 414 1387 suum,
436 1331 538 1393 quam
559 1328 675 1376 conata
693 1318 889 1396 perfecisset.
1158 1300 1160 1305 ¹

486 1457 614 1560 'Can
663 1489 726 1558 IX.
795 1542 802 1567 ,

104 1643 133 1721 ι.
162 1622 237 1688 Hac
262 1639 376 1687 mente
401 1627 555 1708 proximo
584 1627 639 1688 die
667 1625 765 1701 festo,
792 1645 902 1704 quum
925 1647 945 1687 a
965 1643 1141 1690 conventu-

161 1744 329 1791 remotum
350 1749 383 1790 ee
410 1729 504 1790 Dion
526 1729 619 1790 domi
640 1741 779 1804 teneret,
799 1741 898 1806 atque
922 1728 960 1789 in
984 1733 1141 1794 conclavi
1220 1739 1222 1744 '

122 1883 124 1888 ,
162 1833 252 1904 edito
282 1831 499 1908 recubuisset,
527 1831 666 1894 consciis
696 1832 769 1894 loca
798 1831 985 1894 munitiora
1019 1835 1139 1914 oppidi

105 2033 169 2089 ders
188 1984 249 2088 ron¹
260 2039 336 2088 einer
354 2023 440 2093 Sache
456 2031 610 2085 Nachricht
628 2032 697 2102 giht.
732 2034 875 2086 Datames
894 2032 952 2099 lx,
970 2051 996 2087 ι.
1020 2032 1055 2085 dc
1071 2042 1142 2102 qui-

107 2121 173 2191 bua,
197 2118 273 2190 qaod
297 2123 407 2170 inimici
433 2115 614 2187 detulerant,
637 2136 725 2187 neque
744 2116 913 2170 credendum
933 2136 1021 2187 neque
1041 2120 1141 2187 negli-

105 2205 235 2275 gendum,
247 2209 378 2273 patavii.

107 2336 110 2340 ’
190 2337 381 2406 conveniunt]
423 2339 466 2393 Sc.
484 2357 559 2393 sum.
593 2337 663 2393 Deis
687 2338 736 2393 das
754 2339 913 2392 Pronomen
937 2335 1140 2391 demonstrati·

105 2439 173 2474 vum
197 2439 248 2474 ror
270 2419 333 2475 dem
358 2423 474 2475 relativo
498 2424 640 2477 hisweilen
659 2425 731 2476 auch
752 2414 939 2477 dannzumahl
956 2421 1138 2490 ausgelaesen

104 2505 205 2570 werde,
222 2524 305 2561 wana
316 2507 403 2576 heyde
416 2513 445 2560 in
460 2506 673 2560 verschiedeacn
686 2507 804 2560 Casibus
818 2505 894 2571 sind,
911 2505 981 2558 habe
990 2506 1035 2557 ich
1048 2505 1139 2561 sehon
1203 2517 1205 2520 ⁴

104 2584 308 2662 hay‘Tlaemiat.
326 2592 384 2660 lx,
405 2612 430 2644 1.
448 2592 585 2645 hemerkt.
620 2591 657 2645 So
669 2590 753 2644 hcisst
770 2607 799 2652 es
817 2590 888 2642 auch
907 2589 1004 2662 genade
1021 2595 1060 2640 im
1077 2588 1139 2642 fol-

104 2673 211 2745 genden
224 2675 331 2746 Cupite}
349 2682 375 2742 ς.
389 2686 417 2739 5.
437 2673 603 2728 miseranda
617 2681 702 2745 vita,
719 2680 767 2744 qui
781 2693 811 2727 se
827 2680 924 2745 metui,
942 2693 1027 2744 qaam
1040 2680 1138 2730 amari

104 2761 232 2829 malunt,
252 2765 305 2813 mit
322 2758 371 2814 dcr
387 2760 493 2832 Ellipce
512 2777 617 2814 earum.

58 2948 60 2955 ,
139 2910 166 2964 5.
193 2899 316 2970 carrata]
351 2899 421 2953 Mau
443 2897 503 2950 ltiilt
527 2896 575 2950 dat
594 2899 732 2952 Neutrum
750 2896 798 2951 der
816 2911 938 2967 zweyten
955 2897 1137 2953 Declination

22 3056 24 3060 Ι
104 2983 152 3036 fur
174 2991 297 3054 weniger
320 2983 431 3047 uslich,
458 2982 499 3035 als
523 2981 572 3034 das
590 2983 781 3036 Matoulinum
803 2979 853 3033 der
877 2986 981 3033 vienten
1004 2992 1138 3038 conatus.

104 3069 198 3123 Allcin
223 3070 298 3140 jener
326 3075 362 3122 ist
387 3067 562 3136 hiuliiuglich
588 3066 729 3136 geschiitat
754 3064 843 3117 durch
868 3066 1072 3118 Drakenborch
1101 3085 1138 3120 au

106 3154 208 3210 Huius
225 3155 318 3221 XLII,
339 3173 379 3207 11.
399 3151 455 3206 and
472 3152 652 3207 Ruhnkem'ut
669 3167 704 3202 au
721 3148 854 3217 Vellejat
865 3151 934 3202 .Pat.
953 3150 998 3218 ΙΙ,
1014 3161 1063 3219 55,
1082 3162 1110 3216 5.

140 3300 193 3353 lx.
215 3320 238 3355 ι.
273 3305 304 3351 in
330 3300 463 3351 conclavi
488 3297 580 3368 edito]
620 3296 718 3352 Wenu
737 3285 796 3350 sich
813 3295 924 3366 jemand
941 3295 993 3368 hey
1012 3297 1065 3351 den
1083 3300 1139 3353 Al,-

74 3388 80 3399 '
105 3400 154 3457 teu
172 3383 297 3456 schlafen'
314 3384 412 3452 legen,
440 3383 506 3434 oder
524 3397 601 3436 toust
619 3385 765 3451 uagestdrt
782 3396 865 3435 etwas
884 3385 1041 3435 verrichten
1059 3385 1138 3454 will,

107 3487 139 3523 so
160 3469 254 3538 hegibt
274 3487 303 3520 er
325 3465 384 3520 sich
404 3473 504 3518 immer
524 3467 662 3519 entwcder
681 3470 711 3520 in
729 3465 783 3519 den
805 3472 921 3533 intrem,
945 3467 1011 3519 oder
1031 3473 1059 3519 in
1081 3469 1139 3524 deu

107 3555 193 3607 obern
211 3553 292 3607 Theil
309 3552 357 3605 dcs
376 3552 497 3629 Ηιιιιει1
517 3569 565 3604 uin
579 3564 629 3603 vor
646 3549 708 3609 dem
720 3550 848 3606 Geliirme
863 3553 998 3620 gerichert
1010 3570 1043 3604 zu
1059 3570 1140 3625 sciar,

107 3638 225 3695 welches
244 3643 274 3688 in
291 3636 354 3689 dem
372 3634 490 3687 vorderu
509 3636 566 3689 und
583 3651 683 3690 untern
694 3637 791 3690 Theilc
805 3635 938 3689 hcrrccht.
958 3671 983 3682 -
1004 3638 1144 3691 Corra-err-

106 3735 156 3780 tas
175 3737 258 3776 etwas
277 3720 392 3773 selteu
384 3739 414 3773 tn
432 3720 536 3773 diesem
554 3720 684 3774 Zeitalter
703 3739 759 3774 von
780 3722 932 3790 religionen
950 3723 1141 3776 Znsanrrucrr-

108 3806 251 3880 lanfran,
269 3807 596 3875 Festveraammlangen.
631 3807 669 3860 Et
686 3823 745 3860 war
762 3803 810 3862 das
823 3808 885 3862 lest
899 3807 945 3864 der
959 3809 1140 3914 Proserpina,

107 3895 154 3959 die
171 3891 220 3958 tui
233 3890 350 3956 sicilico
368 3891 527 3965 vorauglich
544 3891 653 3953 rerehrt
670 3891 775 3951 wurdt.
824 3911 827 3917 ·
