2526 4394
95 197 154 266 3³8
283 186 439 258 xxnr.
463 185 644 276 Hannibal.
684 190 764 278 Gap.
785 192 909 260 VIII:

151 344 330 411 Hannibal
357 346 404 410 ad
437 344 653 409 Antiochum
685 347 850 429 pervenit.
902 349 960 410 De
989 346 1153 434 Magonis

153 448 294 515 interitu
316 449 447 530 duplex
469 451 633 512 memoria
654 450 785 534 prodita
808 466 867 514 est.
906 451 1068 534 Namque
1092 454 1153 518 alii

154 552 344 636 naufragio,
358 552 418 615 alii
433 573 452 614 a
467 555 572 616 servis
589 555 692 637 ipsius
708 555 920 620 interiectum
938 577 1036 632 eum,
1052 559 1156 642 scrip·
1255 576 1258 649 ζ

91 662 127 727 3.
157 674 230 724 tum
246 658 468 738 reliquerunt.
504 659 698 722 Antiochus
712 674 824 724 autem
839 661 868 723 si
884 675 949 724 tarn
967 661 1003 722 in
1017 663 1154 745 agendo
1256 660 1258 665 ’

153 765 248 829 bello
269 782 380 847 parcre
403 763 568 827 voluisset
590 765 739 828 consiliis
762 766 848 847 ejus,
872 786 970 847 quam
991 767 1025 828 in
1046 767 1157 829 susci·

153 870 279 953 piendo
301 866 506 942 instituerat,
535 869 672 951 propius
692 866 829 944 Tiberi,
858 856 957 953 qum
981 871 1152 933 Thermo·

105 982 113 1009 ·'
150 976 257 1058 pylis,
288 975 330 1036 de
362 992 494 1035 summa
529 973 663 1056 imperii
694 973 892 1038 dimicasset.
923 974 1057 1061 ‚Quem
1089 978 1155 1040 etsi

105 1104 111 1115 ·
154 1080 263 1143 multa
288 1079 388 1140 stulte
414 1078 525 1140 conari
554 1068 712 1154 videbat,
741 1078 860 1142 tamen'
881 1080 976 1142 nulla
999 1081 1155 1145 deseruit

59 1160 71 1175 ⁸
90 1200 123 1262 4.
156 1181 192 1244 in
209 1202 253 1245 re.
294 1179 433 1259 Praeluit
452 1182 565 1264 paucis
584 1184 749 1259 navibus,
771 1204 855 1266 quas
873 1206 915 1247 ex
931 1183 1019 1267 Syria
1035 1185 1151 1266 jussus

154 1302 223 1350 erat
244 1287 281 1348 in
302 1286 420 1348 Asiam
442 1289 585 1362 ducere,
606 1288 730 1370 hisque
753 1291 910 1354 adversus
930 1280 1152 1368 Rhodiorum
1206 1355 1210 1359 .

149 1393 286 1461 classem
312 1391 347 1453 in
369 1391 579 1474 Pamphylio
604 1394 689 1456 mari
714 1386 895 1456 confluit(
930 1393 1012 1480 Quo
1038 1416 1151 1476 quum

153 1495 379 1560 multitudine
409 1497 677 1560 adversariorum
702 1496 754 1560 sui
780 1515 1029 1581 superarentur,
1059 1499 1148 1582 ipre,

103 1636 107 1643 ·
154 1621 226 1682 quo
253 1620 360 1663 cornu
387 1621 454 1663 rem
479 1603 594 1684 gessit,
616 1602 681 1665 luit
704 1603 866 1686 superior.
1191 1597 1197 1604 ’

125 1797 152 1835 s.
182 1779 227 1832 De
248 1780 391 1846 Magonis
409 1783 532 1830 inieriln
551 1778 659 1849 duplex
679 1783 818 1832 memoria
833 1777 954 1849 prodita
972 1782 1036 1848 esi]
1080 1779 1147 1834 sel·-

90 1881 157 1930 ten,
174 1863 242 1916 aber
262 1865 340 1916 uiclrt
359 1865 431 1916 chae
444 1864 591 1935 Beyepiele
610 1864 657 1917 liar
673 1901 699 1911 -
716 1865 823 1936 duplex
838 1865 872 1916 de
890 1871 1013 1918 interlin
1029 1868 1147 1934 Mago-

52 1956 55 1962 '
89 1954 300 2004 niscentenlia
320 1954 462 2000 memorie
478 1949 600 2016 prodita
619 1959 673 2003 est.
704 1953 787 2003 Denn
804 1948 1146 2021 gewbhnlichssgtm'sn

88 2034 203 2104 aliqnid
219 2040 362 2086 memoriae
378 2033 518 2104 prodere,
543 2034 621 2089 nicht
641 2042 809 2088 memoriam
825 2035 947 2102 prodere
973 2035 1008 2086 ele
1034 2037 1143 2107 aliquo·

88 2123 234 2185 Variola,
259 2135 321 2186 sagr
339 2121 441 2174 Liuius
459 2121 526 2183 XX,
545 2129 604 2186 28·,
631 2127 770 2174 memoria
790 2131 866 2173 actae
883 2126 934 2175 rai.
973 2124 1012 2175 A.
1032 2122 1141 2175 Gellius

87 2208 192 2260 Nocti.
211 2209 276 2258 All.
297 2206 325 2270 1,
348 2217 390 2271 19.
416 2207 452 2256 ln
471 2212 600 2276 antiquis
620 2209 775 2260 annalibus
794 2212 933 2259 memoria
951 2225 1041 2276 super
1057 2205 1137 2258 libris

84 2292 236 2362 Sibyllinis
258 2291 318 2342 limo
339 2290 459 2359 prodita
486 2301 537 2344 esi.
581 2293 644 2367 vgl,
673 2291 848 2362 Oudendorp
875 2312 909 2345 au
933 2293 1035 2345 Coesar
1053 2291 1085 2343 de
1104 2293 1139 2345 B.

89 2366 169 2429 Gall.
188 2379 218 2437 1,
240 2395 280 2428 ta.
300 2377 347 2428 lin.
383 2378 540 2445 Uebrigcns
559 2379 630 2431 wird
647 2379 699 2450 bey
719 2377 811 2431 dieser
825 2377 988 2447 Era'ihlung
1006 2382 1055 2430 siu
1066 2378 1142 2430 Urn-

87 2459 169 2514 stand
195 2461 438 2533 uberspruugsn„
462 2465 534 2517 Statr
560 2483 593 2516 au
618 2480 718 2533 engen:
748 2464 905 2516 Hannibal
924 2465 991 2514 kam
1018 2482 1056 2514 zu
1074 2466 1144 2517 An·

85 2545 213 2611 tioclrus,
233 2548 346 2615 Mago
366 2549 550 2601 abaritana
569 2567 642 2602 rems
661 2549 790 2602 Leben.
830 2550 902 2604 Wie
919 2566 952 2600 er
969 2548 1142 2602 nmsLeben

85 2633 177 2696 iram,
197 2631 324 2684 darriber
345 2633 410 2701 'gibt
437 2652 466 2686 es
491 2637 659 2706 sweyerley
683 2633 903 2697 narencium,-
933 2648 995 2703 ssgt
1014 2651 1045 2686 er
1060 2651 1139 2686 nur:

88 2718 243 2771 Hannibal
265 2719 331 2768 icam
356 2737 393 2768 sn
418 2718 590 2772 Antiochus.
635 2722 707 2783 Wie
730 2722 826 2790 Mago
850 2721 982 2788 nmlam,
1006 2717 1142 2772 danaber·

83 2803 148 2871 gibt
167 2822 196 2855 es
214 2803 380 2874 meyerley
397 2794 625 2858 Naclrriclelens

98 2941 101 2947 ·
172 2915 227 2965 alii
255 2911 440 2985 narafragio,
472 2916 527 2966 alii
551 2934 569 2966 a
595 2920 691 2968 servis
717 2919 808 2984 insitis
834 2912 1027 2986 intersectum
1055 2931 1141 2980 eum,
1242 2926 1245 2951 ¹

87 3002 228 3066 scriptione
249 3001 444 3068 reliquerunt]
491 2999 611 3055 Wieder
636 3006 681 3053 ein
708 3003 847 3069 Zeugma.
886 3001 966 3052 Deun
985 3016 1053 3053 man
1074 3014 1141 3068 eagt
1243 3016 1247 3075 ,τ

83 3083 179 3146 nicht,
199 3083 364 3154 naufragio
385 3082 525 3157 interfici.
558 3087 627 3141 Man
645 3084 857 3154 mulsperiisse
875 3085 1023 3155 arginusa.
1052 3084 1140 3138 Siehe
1242 3092 1245 3121 ³

84 3185 117 3218 su
138 3168 285 3220 Timoleon
304 3167 368 3232 Ill,
388 3188 414 3220 a.

118 3289 146 3343 5.
175 3283 205 3330 in
223 3277 337 3344 egendo
356 3278 442 3344 bello]
479 3279 600 3348 Agenda
620 3279 821 3349 surgerenelo.
849 3278 945 3334 Indels
964 3280 1075 3332 kommt
1093 3279 1139 3350 js·

83 3380 134 3415 nes
156 3363 208 3434 bsy
233 3361 288 3414 den
315 3362 628 3420 Gesehichtschceiberu
656 3365 727 3418 doch
753 3366 881 3419 ziemlich
905 3363 947 3416 oft
966 3381 1028 3417 vor.
1065 3365 1136 3433 vgl.
1241 3390 1244 3415 a

82 3447 231 3506 Timoleon
249 3446 307 3516 lv,
326 3458 351 3516 4.
388 3453 493 3503 Morus·
517 3452 575 3506 und
600 3451 720 3520 oberlin
748 3468 783 3504 au
811 3451 909 3504 Ceasar
934 3448 969 3501 ds
992 3451 1027 3504 B.
1051 3450 1138 3521 Gall·

83 3530 147 3598 111,
165 3539 210 3590 28·
551 3547 553 3551 Α

118 3649 147 3709 4.
176 3642 239 3712 Quo
258 3662 343 3712 quum
361 3649 426 3713 cet]
463 3647 527 3716 Quo
549 3645 692 3700 nihmlich
712 3653 799 3701 mari.
834 3644 1138 3701 indeislriinntemsn

81 3728 224 3781 vielleicht
242 3728 313 3781 noch
333 3732 516 3784 cehicklicher
531 3734 633 3801 proelio
654 3736 809 3804 ergiuzen,
833 3731 953 3788 welches
970 3734 1038 3782 men
1056 3730 1136 3783 nach

81 3816 159 3866 einer
182 3815 298 3886 Synesis
324 3834 374 3869 aus
401 3817 538 3886 conflixit
561 3817 698 3873 herleireu
725 3818 839 3877 rauseis·
885 3814 936 3871 Ich
958 3814 1034 3869 habe
1055 3813 1152 3870 thess

80 3899 170 3976 l‘igtsr‘
183 3901 236 3974 bey
256 3903 411 3958 Miltiades
430 3903 485 3975 lv,
503 3912 530 3974 4.
549 3902 663 3959 erkliirt.
