2526 4394
355 239 451 303 VH.
470 218 658 299 Alcibiades.
699 237 776 319 Cap.
797 235 883 302 ΙΙΙ.
1076 241 1130 304 105
1173 297 1177 307 ,

111 466 112 469 ¹
168 389 347 460 Andocidi.
386 390 505 468 Itaque
529 388 587 448 ille
603 401 718 468 'postea
741 386 929 466 Mercurius¹
948 386 1135 449 Andocidis
1190 377 1192 380 ⁴

85 475 139 564 ἲ3.
168 497 324 558 vocitatus
343 509 399 555 est.
433 492 510 553 Hoc
529 511 635 570 quum
653 505 820 571 appareret
838 491 998 553 nonsine
1017 511 1137 572 magna
1175 481 1181 497 ‘

168 602 348 660 multorum
372 574 591 681 consensione
617 614 683 655 esse
710 592 852 666 factum,
883 594 975 673 quod
999 613 1070 655 non
1095 581 1137 657 ad

165 703 344 784 privatam,
365 702 422 762 sed
442 702 482 760 ad
503 699 670 780 publicam
691 718 760 758 rem
783 699 977 778 pertinerem
998 714 1138 779 magnus
1233 705 1237 712 ’

108 845 111 852 ·
164 805 380 869 multitudini
410 804 508 864 tirnor
535 817 581 863 est
611 800 766 880 injectus,
798 822 841 862 ne
869 822 936 879 qna
966 800 1138 882 repentina

166 911 219 972 vis
238 910 274 969 in
294 908 426 969 civitate
443 906 625 976 exsisteret,
647 924 719 983 quae
737 905 921 967 libertatern
940 905 1146 992 opprimeret¹

71 994 74 999 ⁵
107 1029 139 1090 4.
168 1012 297 1091 populi.
338 1011 415 1070 Hoc
438 1010 584 1071 maxime
602 1009 781 1070 convenire
802 992 839 1070 iit
862 1008 1072 1071 Alcibiadem
1091 1007 1140 1070 vi·

172 1116 324 1188 debatur,
354 1114 445 1191 quod
469 1128 500 1173 et
521 1111 685 1192 potentior
709 1126 741 1172 et
764 1111 881 1191 major,
909 1122 1009 1191 quam
1034 1111 1139 1197 priva·

173 1230 242 1287 tus,
263 1216 520 1284 existimabatur,
561 1216 686 1277 Multos
702 1214 795 1292 ¹enirn
816 1215 1009 1277 liberalitate
1026 1215 1142 1278 devin·
1175 1227 1181 1243 ’

172 1333 281 1393 xerat,
311 1322 421 1402 plures
447 1321 546 1380 etiarn
575 1310 671 1400 opera
697 1317 819 1379 forensi
844 1338 921 1385 suos
948 1318 1142 1382 reddiderat.

114 1422 144 1482 5.
175 1423 284 1507 Quare
314 1426 429 1498 fiebat,
458 1439 496 1484 ut
523 1423 676 1495 omnium
704 1423 834 1496 oculos,
866 1422 1142 1504 quotiescumque

170 1526 208 1587 in
228 1528 401 1608 publicum
424 1527 597 1608 prodisset,
618 1527 659 1587 ad
683 1546 717 1587 se
738 1540 957 1609 converteret,
981 1547 1091 1606 neque
1109 1527 1143 1590 ei

130 1660 132 1664 ⁸
168 1651 225 1712 par
254 1630 429 1712 quisquam
462 1633 498 1692 in
525 1628 658 1692 civitate
687 1644 875 1711 poneretur.
922 1631 1042 1711 ltaque
1068 1651 1142 1692 non

109 1805 161 1853 wie
177 1788 256 1853 Dion
273 1804 314 1867 V,
332 1811 358 1865 5.
380 1811 487 1871 prater
504 1819 609 1853 arcem.
653 1800 798 1870 Hingegen
817 1805 881 1856 Att.
899 1802 930 1866 1,
948 1812 976 1867 5.
992 1807 1093 1855 trimme
1111 1821 1142 1858 es

110 1902 160 1938 aa:
190 1886 272 1948 Erat
283 1895 380 1938 autem
397 1893 427 1938 in
443 1905 546 1956 puero,
561 1893 669 1956 practer
687 1885 867 1938 docilitatem
886 1891 1011 1955 ingenii,
1029 1906 1142 1940 summa

108 1974 245 2021 suavitas
263 1974 321 2022 oris
339 1989 374 2021 ac
391 1963 483 2038 uocis.

198 2085 362 2155 Andocidi]
398 2087 477 2140 Sielre
496 2107 529 2140 au
555 2087 738 2151 Ticinum,
760 2108 785 2140 ι.
822 2087 902 2141 Docb
928 2086 990 2141 filit
1018 2089 1063 2142 die
1081 2090 1141 2143 Ab·

28 2184 30 2188 ·
112 2168 290 2237 wer-hselung
314 2169 458 2222 Andocidi
484 2170 543 2222 und
566 2169 725 2224 Andocidis
742 2177 771 2223 in
790 2172 879 2224 dieser
895 2173 974 2225 Niihe
992 2173 1057 2238 auf,
1083 2175 1142 2228 und

113 2271 180 2306 man
198 2253 267 2306 wird
285 2253 362 2305 nicht
380 2260 544 2322 uageneigt,
562 2253 706 2310 Andocidi
722 2254 763 2308 als
781 2258 911 2310 Datiuus
931 2277 965 2310 au
983 2258 1113 2315 nahmen.

48 2371 51 2377 '
147 2381 173 2435 5.
203 2389 239 2421 ne
262 2388 319 2440 qtca
343 2377 494 2438 repentina
515 2377 563 2423 vis
587 2377 619 2422 in
643 2376 765 2424 civitate
782 2377 951 2446 exsisteret]
993 2378 1145 2430 Exsistere

114 2453 184 2508 nird
204 2473 258 2506 von
278 2454 340 2506 dem
359 2471 469 2524 gangr,
493 2473 550 2509 aas
569 2455 629 2509 sich
650 2458 846 2511 uarermutliet
869 2461 928 2511 und
952 2465 1143 2517 mit'GeWalt

114 2540 226 2604 arichi,
244 2541 416 2610 mit-Einem
430 2541 532 2594 Madle
550 2541 696 2595 losbriclit.
720 2543 817 2595 Cicero
832 2562 886 2613 pro
904 2548 948 2600 M.
967 2548 1052 2600 Caelio
1070 2568 1095 2601 c.
1110 2550 1140 2603 6.

112 2627 212 2696 Neque
240 2643 373 2697 umquam
402 2620 442 2676 esc
461 2627 511 2678 illo
536 2626 696 2695 (catilina)
715 2627 828 2680 delendi
845 2629 934 2699 liujus
950 2637 1063 2702 imperii
1080 2643 1144 2686 tam

112 2711 323 2762 consceleratus
347 2716 471 2780 impetus
495 2717 667 2778 exstitisset,
693 2719 750 2765 nisi
767 2722 812 2766 tot
831 2721 963 2769 vitiorum
982 2726 1070 2770 tanta
1087 2725 1144 2770 im-

112 2800 242 2847 manitas
266 2795 435 2868 quibusdam
452 2795 621 2867 facilitatis
640 2805 668 2848 et
690 2804 841 2867 patientiis
865 2801 1010 2854 radicibus
1032 2808 1143 2854 nitere-

112 2889 171 2934 tur.
205 2882 307 2934 Livius
326 2881 432 2946 11‚52.
465 2880 544 2952 Quid
552 2881 694 2952 futurum
712 2883 830 2953 deinde,
853 2891 879 2939 si
897 2895 1048 2938 externum
1065 2891 1143 2939 tute-

111 2972 165 3017 rim
183 2968 287 3019 bellum
306 2969 452 3020 exsistat?

93 3077 117 3083 ”
147 3093 173 3149 l.
204 3093 355 3139 convenire
373 3092 404 3138 in
423 3086 619 3166 Alcibiadem]
654 3087 720 3143 Sici
732 3086 792 3159 fur
810 3088 864 3145 den
881 3088 1047 3153 Alcibiades
1064 3090 1142 3143 sciri·

115 3171 190 3221 sien.
215 3171 250 3222 So
270 3177 487 3238 convenirem,
506 3173 639 3241 Vellejas
654 3172 765 3226 Patere.
781 3172 825 3237 ll,
845 3185 896 3238 29,
915 3193 940 3229 a.
963 3177 1153 3242 constantia,¹

114 3271 176 3320 quoe
198 3257 228 3304 in
252 3254 334 3306 illam
358 3261 530 3309 conveniens
556 3257 774 3325 amplitudinem
791 3257 1004 3328 fortunamque
1021 3279 1084 3312 eum
1102 3261 1144 3312 ad

53 3328 56 3335 '
113 3338 246 3388 ultimum
264 3343 329 3389 vuoe
347 3346 488 3393 comitata
506 3350 550 3393 est
566 3337 655 3408 diem,
672 3361 716 3395 wo
730 3335 872 3396 Burmann
887 3344 1078 3398 narbausehen
1094 3351 1140 3402 ist.

198 3455 274 3526 quod
291 3464 319 3508 et
334 3467 480 3526 patentior
498 3468 527 3513 et
546 3447 663 3531 major]
706 3449 809 3514 Potens
833 3463 897 3532 geht
920 3463 969 3535 aui
992 3464 1045 3517 den
1068 3467 1141 3532 Eia-

109 3539 206 3613 stass,
232 3541 354 3595 walchen
372 3562 402 3596 er
418 3546 471 3616 bey
489 3545 594 3598 andern
611 3544 702 3611 batte,
725 3545 774 3605 das
792 3547 939 3613 Aurelian,
959 3555 989 3601 in
1006 3551 1140 3616 caelebem

115 3644 144 3678 er
167 3628 217 3697 bey
242 3626 326 3679 ibnen
351 3630 450 3690 staud;
478 3631 577 3700 major
599 3628 649 3695 aui
664 3630 708 3707 die
726 3630 812 3685 daber
829 3635 1006 3688 entstebende
1025 3637 1139 3704 Jltacdt.

45 3752 52 3764 .
112 3712 204 3781 Beyde
230 3713 333 3766 Worte
360 3713 423 3767 sind
447 3714 507 3767 also
534 3719 586 3770 nie
609 3714 710 3778 Gruud
734 3718 792 3785 und
819 3719 902 3790 Fulge
931 3727 982 3785 mit
1009 3722 1140 3789 einander

113 3797 282 3851 verbunden.

146 3923 174 3981 5.
198 3916 376 3990 poneretur]
411 3918 491 3974 Siebe
503 3904 633 3994 Praefat-
651 3927 676 3989 ς.
690 3885 722 3987 5.
