2526 4394
195 256 310 328 XXV.
331 260 370 334 Τ.
380 256 569 341 Pomponius
582 251 719 318 Atticus.
759 196 1033 332 caprin'xxt.
1073 241 1131 334 397
1186 228 1191 251 ¹

161 412 266 474 ruodo
284 408 415 491 aliquid
432 408 473 469 de
490 402 687 487 antiquitate
704 402 745 463 ab
762 419 802 468 eo
818 399 1014 480 requireret,
1033 392 1135 455 modo

165 514 312 594 aliquam
334 512 367 574 ei
388 509 604 592 quaestionem
623 505 783 588 poeticam
805 512 1018 584 proponeret,
1039 498 1137 559 inter·

108 612 139 683 3..
169 618 262 702 dumx
268 616 382 698 jocans
403 612 473 695 ejus
500 610 702 677 verbosiores
725 607 857 669 eliceret
880 601 1043 685 epistolas.
1081 599 1139 659 Ex

168 741 238 801 quo
253 719 388 792 accidit,
407 737 513 797 quum
530 717 612 779 aedes
632 711 727 784 iovis
742 706 899 781 Feretrii,
918 704 955 766 in
973 699 1140 782 Capitolio

167 827 208 886 ab
231 821 383 884 Romulo
407 819 604 888 constituta,
632 826 793 879 vetustate
816 825 915 890 atque
936 803 1065 869 incuria
1086 803 1139 863 de·
1199 808 1202 813 ’

168 941 252 988 tecta
277 925 518 1007 prolaberetur,
545 937 583 985 ut
606 919 715 984 Attici
741 913 916 979 admonitu
940 911 1043 973 Caeear
1066 927 1139 968 eam

111 1046 141 1109 4.
168 1010 380 1091 reficiendam
404 1041 540 1089 curaret.
589 1025 709 1101 Neque
738 1038 818 1084 vero
842 1019 883 1078 ab
909 1016 958 1077 M.
983 1010 1140 1074 Antonio
1175 1071 1178 1074 ,

170 1129 284 1191 minus
299 1133 414 1191 absens
432 1129 549 1191 litteris
565 1128 749 1189 colebatur:
768 1123 850 1184 adeo
866 1135 904 1181 ut
919 1129 1065 1179 accurate
1081 1115 1141 1200 ille

172 1252 216 1294 ex
237 1230 365 1324 ultimis
383 1233 488 1306 terris,
508 1230 591 1311 quid
611 1241 736 1312 ageret,
757 1227 840 1308 q‘uid
859 1241 943 1286 curae
963 1222 1027 1282 sibi
1047 1220 1153 1281 habe·
1222 1272 1225 1279 .

115 1341 144 1400 t.
174 1349 240 1411 tet,
264 1335 434 1398 certiorem
456 1335 573 1397 laceret
595 1334 762 1396 Atticum.
799 1330 878 1391 Hoc
897 1327 997 1408 quale
1015 1324 1073 1398 sit,
1099 1323 1143 1385 fa·

174 1439 271 1503 silius
297 1439 498 1502 existimabit
524 1440 569 1514 is,
598 1434 826 1519 quitjudicare
848 1430 985 1514 poterit,
1012 1440 1144 1508 quantae

173 1543 217 1606 eit
236 1543 429 1625 sapientia,
447 1564 563 1606 eorum
583 1539 723 1605 retinere
741 1557 838 1600 usum
863 1532 1146 1598 benevolentiam·

94 1684 95 1691 ι
144 1644 145 1649 ’
176 1666 258 1727 que,
279 1647 365 1709 inter
380 1666 464 1727 quos
478 1646 700 1709 maximarum
714 1663 824 1705 rerum
838 1661 909 1705 non
922 1640 1032 1702 solum
1047 1656 1145 1699 aemu·

174 1750 272 1820 latio,
302 1751 358 1812 sed
385 1749 576 1817 obtrectatio
601 1762 689 1811 tanta
715 1747 954 1820 intercedebat,
984 1756 1145 1824 quantam

176 1854 243 1915 luit
271 1853 416 1915 incidere
446 1871 577 1916 necesse
606 1851 693 1914 inter
724 1851 881 1913 Caesarem
911 1862 1011 1928 atque
1037 1848 1147 1910 Anto·
1200 1854 1203 1867 '

179 1957 296 2018 niumr
314 1977 422 2036 quum
436 1976 469 2016 se
486 1971 626 2037 uterque
641 1954 825 2038 principem
842 1972 913 2014 non
929 1952 1038 2016 solum
1055 1950 1148 2014 urbis
1233 1991 1239 2001 ·

177 2062 310 2136 Romae,
331 2060 388 2120 sed
408 2060 495 2122 orbis
517 2073 675 2122 terrarum
697 2076 765 2122 esse
787 2069 929 2139 cuperet.

499 2204 610 2275 Car.
657 2166 756 2274 XXl.
845 2224 847 2231 ’

69 2378 71 2382 >
124 2369 152 2413 1.
181 2347 258 2410 Tali
272 2321 373 2408 modo
390 2363 496 2424 quum
514 2357 638 2424 septem
655 2357 688 2406 et
709 2343 914 2427 septuaginta
936 2363 1042 2407 annos
1063 2365 1148 2409 com·
1170 2359 1173 2364 ·

125 2525 210 2576 iiltera
223 2521 265 2576 dtr
276 2517 550 2590 Bedeutungfaeile.
562 2549 590 2566 -
608 2517 732 2582 Tamen,
749 2517 867 2573 welches
881 2521 935 2575 den
947 2521 1087 2576 Numerus
1100 2522 1149 2577 det

127 2596 220 2647 Setaea
246 2596 317 2643 stbrt
341 2590 400 2641 und
424 2595 453 2641 iu
479 2588 570 2642 rieleu
595 2589 670 2644 alten
687 2591 835 2658 Ausgaten
852 2590 941 2660 leblt,
968 2593 1039 2669 bpbe
1055 2593 1102 2647 icb
1119 2599 1150 2647 iu

122 2663 221 2716 Hakeu
239 2660 471 2730 eingeschlosseu.

158 2767 188 2822 5.
214 2757 300 2808 lovis
322 2755 462 2820 Feretrii]
513 2753 629 2821 Jupiter
653 2751 701 2806 hat
727 2752 780 2806 deu
803 2754 964 2811 Zonahmeu
987 2758 1152 2824 Feretrius,

124 2827 189 2882 weil
211 2843 242 2878 er
263 2824 326 2878 dem
348 2823 501 2888 Romulus,
527 2822 646 2875 welcher
672 2841 726 2876 ron
751 2823 805 2877 den
831 2825 950 2878 Feinden
972 2826 1016 2878 bis
1042 2845 1078 2881 au
1104 2829 1150 2881 tlie

124 2898 217 2950 Tbore
245 2895 293 2948 der
316 2893 394 2948 Scadt
438 2889 559 2945 errorfen
585 2891 696 2958 wurde,
724 2893 774 2947 aul
798 2899 857 2946 sein
885 2894 987 2948 Fleben
1011 2896 1065 2948 deu
1087 2899 1152 2966 Sieg
1209 2927 1212 2933 -

125 2963 308 3026 verschat'fte,
333 2981 386 3015 von
397 2909 502 3034 λινε,
526 2959 667 3016 niihmlich
683 2981 784 3031 pacem
802 2963 869 3017 oder
886 2982 975 3032 opem.
1015 2966 1152 3022 Romulos

128 3035 239 3084 erbauts
265 3036 323 3082 ihm
350 3051 413 3084 aum
441 3032 525 3085 Daui<
553 3037 634 3085 einen
661 3033 773 3103 Tempel
801 3033 851 3084 aul
873 3033 935 3086 dem
962 3036 1153 3104 Capitolium,

127 3099 185 3151 und
200 3099 302 3165 biugte
316 3100 438 3154 daselbst
455 3101 500 3152 die
516 3102 611 3153 beaten
628 3102 786 3155 erbeuteten
799 3101 921 3156 watien
936 3108 989 3159 mit
1002 3103 1151 3176 folgenden

128 3169 251 3233 Worteu
269 3167 332 3218 sui:
349 3171 464 3237 Jupiter
483 3172 611 3238 Feretri,
628 3171 682 3223 eibi
700 3189 783 3223 arma
793 3171 877 3242 fero.
1095 3182 1100 3192 ‘

97 3278 99 3283 ⁴
164 3286 192 3340 4.
222 3294 258 3326 ex
275 3275 383 3328 uliiraie
402 3276 503 3345 terris]
531 3274 878 3352 Ausdeuerrtserrrteeien
889 3281 1050 3352 Gagauden.
1075 3283 1154 3343 siche

129 3350 159 3414 l,
183 3367 207 3399 ι.
244 3346 312 3397 Hier
328 3351 366 3397 iet
383 3351 535 3416 Aegypten
554 3366 589 3399 zu
607 3349 763 3402 verstebe'n.

163 3465 191 3520 5.
219 3456 284 3506 Hoc
302 3453 385 3522 quale
401 3453 454 3523 sit]
488 3456 512 3507 l.
524 3473 546 3506 e.
564 3473 651 3526 qnam
668 3455 795 3528 difficile
811 3463 862 3512 eit.

215 3549 314 3615 uptam]
366 3546 521 3614 Eigentlich
546 3550 610 3629 geht
633 3569 699 3602 nerra
722 3551 772 3603 aul
791 3550 986 3620 personliclren
1012 3554 1157 3626 Umgartg.

129 3621 197 3672 Hier
219 3623 257 3670 ist
282 3617 443 3684 vorabglicb
468 3616 648 3687 schrt'jiliclee
674 3621 889 3691 Urrterltaltnng
913 3630 1047 3693 gemeint,
1074 3647 1159 3683 wenn

129 3705 195 3741 man
214 3705 242 3739 ee
260 3685 339 3739 uiebt
356 3686 505 3753 allgemein
522 3684 569 3738 fur
585 3689 800 3762 ttreundsciaft
817 3694 937 3755 uelamen
954 3696 1023 3749 will.

215 3780 293 3832 urbis
316 3780 429 3845 Romoe]
476 3778 525 3830 leh
543 3779 613 3833 baba
631 3799 726 3850 wegen
743 3782 792 3837 der
809 3791 925 3841 meliten
942 3787 1158 3845 llandsebriiteu

127 3850 223 3907 liemoe
240 3847 456 3973 aufzeuommeu
474 3862 540 3901 etstt
557 3850 701 3907 Romame.
729 3854 834 3926 Beydea
852 3862 889 3909 ist
906 3873 971 3925 gut,
989 3861 1055 3913 urbs
1069 3863 1160 3922 liema

129 3918 188 3975 uad
206 3919 272 3971 urbs
316 3935 432 3972 omana.
468 3919 533 3988 vit.
552 3919 638 3975 Certe
655 3940 690 3973 au
706 3923 832 3977 tulisses
849 3926 937 3982 Catii.
957 3935 990 3988 18
997 3965 1006 4003 ,
1024 3938 1051 3990 8.
