2526 4394
105 224 166 306 394
203 221 319 289 XXV.
341 220 715 304 T.PomponiusAuicus.
734 190 1100 306 capxrfrllxrx·

105 373 137 436 5.
166 375 247 435 bent
263 371 388 434 notitie
401 373 564 433 clarorum
579 372 739 435 virorum.
768 372 895 456 Attigit
911 393 1066 456 quoque
1079 373 1153 458 po&-

167 476 274 539 ticsn:
310 475 491 550 credimus,
525 495 568 536 ne
599 475 668 556 ejus
699 497 813 559 expers
841 492 925 540 esset
959 478 1154 544 suavitatis.

135 579 321 659 ··Namque
347 578 513 652 versibus,
541 577 601 658 qui
625 579 752 642 honore
775 600 954 662 rerumque
981 595 1153 664 gestarum

164 683 387 766 amplitudine
423 698 543 745 ceteros
576 683 723 745 Romani
757 684 875 765 popuii
904 691 1157 766 praestiterunt‚

165 788 337 871 exposuitr
370 787 433 865 its,
460 802 502 850 ut·
520 790 582 850 sub
602 788 813 870 singulorum
835 777 1051 871 imaginibus
1073 788 1150 852 facts

163 894 436 974 magistratusque
462 910 579 955 eorum
601 912 672 952 non
699 893 845 974 amplius
873 892 1057 974 quaternis
1087 896 1148 975 qui·

164 996 262 1060 nisse
277 995 425 1059 versibus
441 994 658 1078 descripserit:
680 997 771 1076 quod
787 995 848 1058 vix
862 996 1084 1060 credendum
1099 1000 1151 1075 sit,

164 1113 271 1162 tantas
286 1118 337 1162 res
354 1114 420 1162 tam
437 1100 581 1165 breviter
599 1100 743 1182 potuisse
754 1097 921 1160 declarari.
963 1099 1032 1162 Est
1054 1100 1151 1167 etiam

124 1222 127 1231 ·
166 1203 252 1266 liber
273 1202 387 1268 Graeoe
406 1203 590 1281 confectus,
614 1206 649 1264 de
671 1203 829 1264 cornutum
852 1204 1027 1265 Ciceronis.

501 1358 603 1448 css.
652 1316 792 1426 xix(

106 1513 138 1565 1.
169 1501 342 1565 Hactenus
355 1499 471 1562 Attico
484 1499 568 1565 vivo
581 1498 670 1562 edita
687 1497 757 1560 haec
773 1495 902 1559 anobis
919 1510 1019 1560 sunt.
1050 1498 1147 1561 Nunc

167 1605 329 1685 quoniam
352 1605 486 1667 fortuna
505 1620 571 1666 nos
590 1603 778 1686 superstites
796 1601 827 1664 ei
851 1619 921 1667 esse
944 1603 1075 1676 voluit.
1097 1623 1139 1664 re·

166 1710 262 1789 liqna
286 1728 538 1792 persequemur,
566 1723 616 1784 et,
648 1721 813 1788 quantum
841 1706 1068 1786 potuerimus,
1096 1724 1140 1768 re·

141 1894 170 1950 5.
197 1882 347 1957 quisteruis
365 1890 498 1957 quinisve
515 1883 663 1951 versibus]
706 1883 743 1937 So
766 1881 839 1935 must
863 1899 892 1935 es
916 1881 1052 1948 heisten,
1071 1879 1145 1934 nicht

106 1976 278 2042 quinisque.
312 1973 396 2025 Denn
413 1989 450 2022 ve
470 1975 524 2034 ist,
551 1987 586 2022 an
604 1967 778 2023 Zshlwiirter
795 1965 970 2036 ungehiingn
994 1967 1146 2024 berchita-

107 2056 198 2121 kens,
218 2055 274 2109 und
292 2056 393 2110 druokt
410 2071 496 2125 unser
512 2053 661 2106 hoclrstens
680 2071 748 2105 aus:
775 2058 806 2104 in
822 2057 889 2107 vies·
905 2051 978 2103 oder
996 2052 1146 2106 incusans

100 2135 319 2214 suanersen.
351 2143 412 2210 Qus
429 2130 567 2208 hingegsis
585 2143 622 2190 ist
642 2135 831 2190 vermehrend.
865 2137 914 2189 Bis
934 2145 1046 2202 terve,
1064 2153 1145 2206 arsy,

107 2224 259 2282 hochstein
277 2225 344 2295 droy
363 2225 456 2284 Manu
483 2224 527 2274 bis
551 2232 679 2292 terque,
703 2239 778 2294 swey
796 2220 854 2274 und
872 2219 940 2291 drey
959 2221 1062 2290 Mahl,
1085 2221 1113 2274 d.
1129 2225 1147 2274 i.

109 2307 160 2361 oir.
205 2309 271 2377 Vgl.
297 2310 420 2382 Bentley
443 2326 476 2363 su
494 2309 638 2361 Horatius
662 2307 756 2377 Epod.
775 2309 814 2376 V,
837 2316 884 2373 35.
912 2304 972 2358 und
990 2310 1055 2360 Ars
1071 2307 1147 2362 Post.

110 2409 141 2446 Ὺ·
160 2402 223 2460 558.

196 2511 273 2580 quod
289 2516 337 2565 rix
356 2511 526 2566 credendum
543 2515 610 2580 riq·
632 2513 655 2566 1.
668 2530 694 2565 e.
712 2517 756 2563 ita
772 2520 805 2564 ut
818 2510 870 2562 Iros
886 2514 934 2565 vie·
951 2508 1034 2561 credi
1045 2514 1148 2579 possit.

109 2594 191 2648 Sishe
208 2595 347 2649 Eumenes
367 2596 412 2662 11,
430 2617 456 2651 α.
498 2600 557 2651 Das
576 2599 758 2668 Participium
781 2597 880 2649 drirckt
905 2597 968 2646 hier
991 2595 1040 2648 die
1056 2598 1150 2662 Mog-

77 2677 80 2681 ’
107 2680 224 2732 liohlseit
242 2699 307 2748 sus,
323 2686 384 2734 sris
401 2682 453 2752 bey
473 2683 571 2736 Coesar
588 2681 623 2733 de
639 2684 674 2735 B.
695 2683 729 2735 G.
748 2684 787 2747 V,
806 2688 848 2739 28,
875 2685 1058 2748 maximeque
1082 2697 1150 2748 per-

107 2766 313 2831 movebantur,
337 2765 413 2835 quod
432 2801 458 2812 -
476 2771 532 2819 viss
550 2776 616 2819 erat
634 2763 815 2818 eredendum.
852 2764 885 2816 Iu
904 2765 1023 2816 Cornels
1041 2763 1150 2816 Zeitsl·

109 2864 153 2903 ter
175 2856 213 2904 ist
236 2852 311 2904 disse
335 2850 499 2919 Bedeutung
522 2850 594 2903 norb
620 2850 684 2905 sehr
709 2850 807 2904 ssltsn.
844 2851 940 2902 Cicero
960 2849 1011 2900 hat
1031 2855 1073 2903 sie
1092 2854 1149 2903 nio.

109 2935 210 3005 Spiret
227 2934 310 2989 findet
329 2941 368 2988 sis
387 2936 446 2988 sich
461 2934 594 3006 frsylioh3
616 2937 683 2989 aber
701 2935 825 3004 grossten
838 2932 933 2986 Theils
951 2950 1009 2985 nur
1028 2938 1083 2987 mit
1102 2934 1151 2986 der

109 3019 261 3087 Negation.
297 3015 446 3075 nissielle
461 3021 606 3074 derselbsn
624 3026 735 3072 vertritt
749 3021 810 3071 hier
824 3017 872 3070 das
886 3015 1062 3070 Aduerbium
1081 3023 1152 3071 vix.

109 3104 182 3159 Man
200 3104 264 3157 seho
283 3105 327 3158 dis
346 3107 528 3175 Anmerkung
547 3123 581 3158 su
599 3106 696 3158 Cicero
715 3103 749 3155 de
766 3103 885 3163 Finibus
902 3101 931 3167 1,
949 3119 976 3154 α.

144 3221 222 3276 xlx.
244 3241 267 3277 ι.
302 3231 442 3292 quantum
457 3224 652 3290 potuerimus]
695 3221 731 3276 So
753 3221 844 3273 haben
868 3224 932 3272 weit
956 3218 1002 3273 die
1026 3225 1154 3276 meissen

109 3304 167 3361 und
199 3307 295 3360 besteis
323 3305 541 3361 Hundschriften
570 3321 637 3361 stass
664 3304 711 3359 des
730 3296 949 3374 'gewshnltohsn
974 3311 1154 3372 poterimus.

109 3395 190 3449 Jenes
209 3394 344 3445 Futurum
367 3407 495 3445 exactum
517 3390 612 3448 wuids
636 3408 690 3443 von
712 3389 917 3443 Abschrsibern
940 3386 999 3440 und
1024 3388 1154 3443 Gelehr·

110 3494 160 3535 ten
182 3477 349 3546 verdrisgt3
376 3477 527 3532 besouders
552 3479 600 3532 hat
623 3493 652 3530 es
670 3475 782 3529 Ernesti
803 3491 839 3525 sn
857 3473 948 3527 virleu
966 3472 1075 3527 stenen
1102 3475 1152 3529 des

111 3567 209 3617 Cicero
227 3562 374 3632 geindert,
392 3580 524 3632 wogegen
535 3565 690 3629 Heusinger
706 3563 767 3611 eine
785 3555 954 3612 bedsutsnde
966 3546 1079 3610 Aneshl
1096 3578 1154 3615 von

112 3648 217 3705 stelles
241 3653 271 3700 in
294 3647 342 3701 der
360 3647 503 3720 Praefatio
522 3666 557 3700 eu
575 3647 672 3699 Cicero
697 3643 732 3694 de
749 3641 824 3714 Off.
842 3659 870 3712 p.
888 3643 932 3719 Li.
951 3640 1011 3692 untl
1029 3661 1064 3693 su
1087 3644 1153 3714 111,

32 3765 34 3771 2
112 3744 162 3800 25,
180 3743 208 3798 5.
232 3733 395 3802 gesamruelt
412 3732 470 3786 hat.
505 3730 585 3786 Auclr
609 3730 680 3781 Herr
697 3730 809 3780 Gureus
833 3726 882 3779 hat
906 3725 1025 3778 sichszu
1045 3727 1153 3782 Cicero

112 3819 148 3871 de
166 3819 254 3886 Legg.
274 3819 318 3886 ll,
338 3828 379 3876 ιε.
396 3804 452 3871 'des
467 3824 588 3884 potuero
606 3808 826 3881 sngeuom'nen,
845 3810 902 3864 und
918 3810 984 3862 ltin
1001 3828 1056 3864 uns
1086 3819 1154 3867 eins

113 3919 218 3979 genuus
229 3907 402 3973 tironerung
413 3903 461 3956 des
474 3899 681 3970 Gegsnstsndss
696 3895 803 3951 huffen.
838 3895 902 3964 Vql.
918 3893 1033 3950 Asadd.
1049 3896 1091 3968 11,
1108 3909 1151 3965 13.
